1572 2801
735 204 793 248 69

168 339 271 395 παρὰ
299 338 396 380 πολὺ
417 338 586 394 (ἀνέγνων
610 337 699 396 γὰρ)
716 338 926 395 ’Δημητρίου
950 338 1219 392 Σαλαγασσέως
1248 340 1354 395 Παρ-

173 408 305 447 θενικοὶ.
335 406 412 446 οὐδ’
439 407 487 452 ὡς
518 406 553 446 ἐν
579 407 705 461 γέλωτι
732 408 953 450 ποιήσασθαι
980 407 1040 446 καὶ
1065 406 1264 458 ἐπισκῶψαι
1292 407 1358 451 τὰς

173 472 308 527 ἱς-ορίας
345 474 434 512 οὕτω
479 473 592 518 καλὰς
635 475 741 518 οὔσαις
783 472 882 512 ἀλλὰ
923 477 984 512 τοῦ
1028 472 1202 527 χρησίμου
1241 475 1357 511 ἕνεκα.

171 539 247 578 Vix
273 539 411 577 credas
433 539 532 578 haec
559 541 613 578 ita
637 539 689 577 ad
717 539 824 577 hunc
851 538 953 577 diem
980 539 1061 577 sine
1086 538 1165 576 ulla
1192 538 1360 576 lacunae

171 605 393 657 suspicione
410 605 505 657 legi,
532 605 668 643 saltem
691 604 776 650 edi,
812 604 996 655 potuisse.
1026 602 1193 642 Acutius
1220 603 1358 640 ceteris

173 670 478 719 vidit-Graecus
507 670 670 721 aliquis,
710 669 780 720 qui
818 668 859 706 in
898 669 1048 721 optimo
1086 670 1226 709 codice
1255 671 1356 708 Mar-

169 737 289 774 ciano
307 741 396 786 post
423 735 626 791 Δημητρίου
656 734 925 788 Σαλαγασσέως
958 735 1163 791 Παρθενικοὶ
1191 743 1358 774 annota-

163 799 248 842 ,vitt
286 797 433 838 ἐλλείπει
466 813 514 838 τι.
569 800 666 848 Quis
701 800 885 837 dubitet?
928 800 1055 848 Quem
1089 813 1171 838 non
1207 801 1358 853 pudeat

165 865 297 916 potius
332 865 374 902 id
413 876 494 902 non
522 864 675 902 dudum
716 864 883 902 vidisse?
938 865 1018 902 Sed
1051 866 1126 903 alia
1164 872 1253 904 sunt
1290 866 1360 905 ubi

167 931 276 969 fraus
302 936 381 968 tam
407 929 505 967 bene
540 930 633 967 latet
667 935 709 967 ut
747 929 991 982 deprehendi
1028 944 1247 984 numquam
1280 932 1361 970 sine

166 1009 245 1048 ope
286 997 546 1048 antiquorum
581 996 771 1035 librorum
817 996 952 1048 possit.
1008 997 1104 1045 Quis
1141 998 1362 1050 suspicetur

168 1070 321 1115 partem
347 1065 560 1103 sententiae
589 1065 743 1115 periisse
770 1065 811 1103 in
850 1064 934 1103 hoc
966 1064 1056 1102 loco
1085 1064 1359 1116 Xenophontis

169 1130 319 1168 Hellen.
349 1130 382 1167 I.
413 1131 445 1168 l.
470 1131 535 1169 35.
573 1130 677 1184 Ἀγις
701 1130 737 1170 δ’
761 1130 800 1169 ἐκ
826 1136 898 1183 τῆς,
916 1130 1107 1175 Δεκελείας
1135 1129 1221 1169 ἰδὼν
1249 1131 1359 1171 πλοῖα

172 1196 292 1236 πολλὰ
326 1198 422 1237 σίτου
461 1198 507 1244 εἷς
551 1199 703 1254 Πειραιᾶ
736 1198 957 1237 καταθέοντα
1001 1196 1102 1237 οὐδὲν
1141 1196 1258 1252 ὄφελος
1296 1201 1360 1253 ἔφη

171 1264 255 1301 εἶναι
280 1264 358 1309 τοὺς
380 1265 458 1317 μετ’
487 1265 596 1304 αὐτοῦ
624 1265 733 1305 πολὺν
761 1263 832 1307 ἤδη
855 1266 980 1318 χρόνον
1009 1263 1212 1309 Ἀθηναίους
1238 1264 1361 1319 εἴργειν

174 1334 238 1375 τῆς
275 1335 342 1384 γῆς
372 1331 402 1370 εἰ
432 1334 481 1384 μή
521 1345 570 1376 τις
604 1334 733 1383 σχήσοι
770 1328 830 1369 καὶ
870 1331 953 1369 ὅθεν
991 1329 1009 1368 ὁ
1042 1330 1140 1383 κατα
1176 1329 1360 1369 θάλατταν

169 1398 264 1441 σῖτος
300 1404 417 1452 φοιτᾷ.
457 1400 628 1452 κράτις-όν
673 1413 710 1437 τε
740 1400 822 1437 εἶναι
860 1397 1051 1451 Κλέαρχον
1088 1397 1146 1436 τὸν
1187 1397 1358 1453 Ῥαμφίου

171 1460 337 1517 πρόξενον
367 1466 452 1503 ὅντα
489 1465 688 1511 Βυζαντίων
720 1465 860 1518 πέμψαι
897 1464 942 1509 εἰς
978 1462 1201 1516 Καλχηδόνα
1228 1479 1266 1503 τε
1297 1464 1358 1506 καὶ

171 1528 380 1576 Βυζάντιον.
428 1531 571 1570 Veram
599 1531 807 1583 lectionem
842 1530 1008 1567 servavit
1034 1530 1206 1580 optimus
1233 1530 1360 1568 codex

169 1593 584 1642 Marcianum—ostem
609 1602 730 1652 φοιτᾷ.
760 1595 804 1635 ἐν
833 1594 884 1634 δὲ
917 1594 1248 1648 Λακεδαίμονι
1281 1613 1356 1635 κα-

168 1661 244 1700 λὸν
284 1660 419 1708 ἔδοξε
455 1665 554 1707 τοῖς
594 1663 751 1702 τέλεσι
790 1662 976 1715 Κράτιςόν
1011 1675 1049 1700 τε
1083 1661 1138 1699 τὸν
1168 1661 1356 1715 Ἀριςομέ-

165 1741 243 1772 νους
272 1725 544 1782 καὶ.Κλεάρχον
569 1728 626 1767 τὸν
658 1726 828 1781 Ῥαμφίου
853 1721 1015 1780 πρόξενον
1043 1728 1127 1764 ὅντα
1151 1728 1355 1773 Βυζαντίων

169 1795 310 1848 πέμψαι
347 1793 422 1834 κτὲ.
468 1795 535 1833 ubi
572 1794 684 1832 simul
723 1793 830 1831 vides
870 1805 991 1843 quam
1019 1792 1162 1831 callide
1191 1793 1358 1848 Graeci,

167 1866 379 1912 postquam
418 1860 643 1898 exciderant
680 1859 800 1897 verba
829 1858 863 1898 ἐν
902 1859 943 1898 δὲ
970 1859 1215 1912 Λακεδαίμονι
1251 1861 1359 1901 καλὸν

168 1923 270 1972 ἔδοξε
298 1928 370 1972 τοῖς
401 1926 519 1967 τέλεσι
529 1959 544 1978 ,
573 1927 727 1978 reliqua
756 1926 901 1964 audaci
930 1927 1174 1964 correctione
1210 1927 1263 1964 ita
1298 1941 1359 1966 re-

168 1991 374 2038 finxerint,
406 1999 450 2031 ut
476 1993 665 2031 sententia
693 1998 902 2030 constaret.
946 1992 1140 2030 Fecerunt
1170 1992 1210 2029 id
1237 1994 1356 2032 inter-

171 2058 267 2096 dum
294 2064 374 2096 lam
408 2058 523 2103 scite,
557 2063 598 2095 ut
624 2057 684 2094 vel
711 2056 901 2094 levissima
926 2058 1175 2109 corruptelae
1198 2060 1356 2110 vestigia

169 2124 210 2163 in
229 2130 466 2177 perpetuum
479 2122 800 2168 obliterarentur,
827 2122 919 2160 alibi
932 2129 1068 2160 contra
1094 2129 1172 2161 tam
1195 2124 1327 2175 inepte
1342 2156 1351 2171 ,

171 2195 214 2226 ut
240 2190 434 2227 neminem
468 2188 633 2241 quibas
669 2201 805 2238 eorum
839 2190 940 2226 art‘es
967 2190 1084 2226 semel
1117 2192 1357 2240 perspexerit

170 2253 318 2304 possint
343 2253 541 2292 ludificari
568 2259 605 2291 et
639 2252 716 2290 hoc
738 2253 874 2291 saltem
900 2258 1054 2290 certam
1078 2254 1145 2296 sit,
1175 2266 1256 2291 non
1288 2268 1357 2307 ge-

171 2318 290 2356 nuina
316 2320 452 2357 veteris
477 2318 675 2370 scriptoris
704 2316 821 2358 verba
850 2330 920 2357 nos
944 2319 1069 2370 legere
1097 2319 1163 2357 sed
1190 2325 1354 2360 temera·
