1572 2801
724 252 810 297 1⁶25

172 389 274 428 ὁπότε
303 390 378 444 γάρ
405 402 462 440 μοι
486 387 602 431 συνείη
629 386 646 426 ὁ
672 386 791 442 πατὴρ
816 386 835 424 ὁ
861 384 919 432 σός
943 389 1069 444 τράγῳ
1097 384 1221 426 ἑαυτὸν
1250 386 1352 425 α’πεί-

175 467 299 492 κασεν.
340 452 466 491 Codd.
494 454 686 493 verissime
714 455 852 507 συνῄει,
889 453 1001 505 quod
1028 460 1193 505 apparet
1220 454 1280 493 vel
1309 467 1356 492 ex

174 521 318 558 aoristo
345 521 556 562 α’πείκασεν.
600 520 699 558 Nam
734 521 764 557 si
798 519 972 556 dixisset:
1010 521 1171 571 quoties
1202 533 1354 559 mecum

169 591 298 639 pater
322 591 418 625 tuus
444 599 530 625 rem
553 586 714 632 habuit,
743 586 917 632 α’πείκαζε
943 585 1132 623 subiicere
1159 585 1353 624 debuisset

175 660 212 692 et
238 654 353 692 semel
377 652 601 704 Penelopen
625 664 696 705 per
719 653 797 691 vim
823 651 1049 702 compressit
1071 650 1228 703 Apollo.
1258 652 1296 702 §.
1313 652 1350 689 3.

172 720 328 775 οἷριςεῖον
360 718 471 772 ᾑρέθη
505 734 576 771 μοι.
619 730 700 755 non
736 717 848 755 aliter
883 730 1003 768 quam
1037 716 1191 771 ἐξῃρέθη
1227 724 1355 769 potest

173 785 321 823 Graece
352 785 445 822 dici.
486 785 508 836 §
533 784 573 822 4.
601 785 712 824 οἶσθα
747 779 829 836 οὖν,
856 780 886 822 ὦ
910 785 1024 823 τέκνον
1035 815 1051 835 ,
1088 787 1107 822 ὅ
1134 799 1167 823 τι
1195 785 1348 839 χαρίσῃ.

171 850 370 905 χαρίσομαι
395 856 451 888 est
479 849 714 895 barbarum,
755 848 953 900 quidquid
989 849 1084 887 dicit
1117 849 1355 888 Iacobitzius

169 918 280 955 locos
301 930 324 955 a
348 929 387 955 se
406 917 492 969 ipso
516 922 723 968 corruptos
746 916 922 954 afferens.
964 918 1160 955 Lucianus
1180 918 1350 969 scripsit:

171 983 266 1023 οἷσθ’
296 978 379 1035 οὖν,
407 979 437 1021 ὦ
464 984 581 1022 τέκνον
590 1015 607 1035 ,
634 985 655 1021 ὅ
675 999 707 1023 τι
735 986 911 1038 χάρισαι,
939 984 1051 1035 quod
1077 984 1266 1036 loquendi
1290 997 1351 1036 ge-

168 1063 243 1089 nus
273 1050 422 1088 librarii
457 1049 703 1102 ignorabant.
731 1071 785 1079 —-
809 1053 988 1106 πρός-αττε
999 1084 1015 1103 ,
1052 1049 1081 1091 ὦ
1111 1055 1254 1108 πάτερ,
1291 1055 1346 1090 ἵνα

120 1129 129 1138 “
169 1116 268 1168 ἡμεῖς
297 1114 360 1168 μὲν
387 1114 550 1169 εἰδῶμεν.
574 1114 663 1154 Ἀπ.
693 1118 808 1154 ταῦτα
833 1117 918 1155 ποιέι
940 1116 1000 1156 καὶ
1027 1118 1178 1173 πρόσιθί
1204 1128 1263 1171 μοι
1287 1116 1347 1157 καὶ

165 1183 392 1239 φιλοφρονοῦ,
420 1184 561 1239 πατέρα
588 1181 630 1222 δὲ
654 1185 721 1238 ὅρα
743 1185 792 1236 μὴ
819 1183 970 1238 καλέσῃς
995 1199 1039 1236 με
1061 1184 1173 1224 ἄλλου
1201 1186 1346 1225 ἀκούον-

169 1264 237 1295 τος.
284 1249 372 1286 Non
399 1250 528 1299 potuit
552 1248 759 1285 infelicius.
805 1249 927 1300 Lege:
967 1252 1174 1305 πρός-αττε,
1211 1249 1241 1291 ὦ
1270 1256 1345 1291 ποί-

169 1330 244 1371 τερ.
269 1314 359 1353 Ἀπ.
385 1315 484 1365 ἡμεῖς
504 1312 568 1364 μὲν
592 1312 740 1366 εἰδῶμεν
761 1317 876 1354 ταῦτα
897 1315 956 1354 καὶ
981 1318 1345 1375 πρόσιθι-πατέρα

164 1381 208 1422 δὲ
234 1383 283 1436 μὴ
310 1381 465 1436 καλέσῃς
494 1396 537 1435 με
564 1381 747 1426 ἀκούοντός
773 1396 813 1435 γε
841 1384 944 1427 τινός.
988 1383 1052 1421 Sic
1072 1384 1209 1435 optimi
1237 1385 1349 1423 codi-

166 1461 231 1486 ces
257 1449 329 1486 nisi
360 1448 472 1500 quod
497 1450 562 1502 ὅρα
592 1447 685 1485 eieci
710 1460 734 1484 a
759 1448 981 1499 magistellis
1001 1449 1255 1501 adscriptum.
1299 1451 1347 1489 In

163 1513 328 1565 Dialogo
354 1513 502 1552 XXIII.
541 1512 561 1565 §
595 1513 629 1551 l.
666 1513 704 1552 τί
728 1512 771 1552 ἂν
802 1512 985 1566 λέγοιμεν5
1022 1515 1275 1571 ὁμομητρίους,
1313 1513 1343 1555 ὦ

164 1582 338 1633 Διόνυσε,
374 1579 549 1635 ἀδελφοὺς
581 1581 665 1619 εἶναι
695 1579 845 1635 Ερωτα
881 1580 941 1619 καὶ
975 1581 1256 1637 Ἑρμαφρόδιτον
1286 1582 1346 1622 καὶ

163 1649 327 1703 Πρίαπον
352 1649 622 1701 ἀνομοιοτάτους
652 1650 752 1693 ὄντας
784 1648 851 1694 τὰς
877 1651 1027 1704 μορφάς.
1073 1648 1257 1702 Imperite
1285 1662 1346 1687 re-

160 1715 326 1767 pudiata
354 1721 410 1753 est
440 1714 588 1765 optima
618 1714 757 1752 lectio:
797 1715 836 1755 τί
864 1714 907 1753 ἂν
938 1714 1093 1768 λέγοιμεν
1116 1716 1344 1771 ὁμομητρίους

162 1804 214 1810 —-
236 1779 408 1835 ἀδελφοὺς
436 1782 537 1825 ὄντας
564 1803 616 1809 -
642 1781 912 1833 ἀνομοιοτάτους
943 1782 1027 1821 εἶναι
1064 1780 1140 1821 κτὲ.
1172 1802 1226 1811 —-
1243 1781 1270 1829 ἱὁ
1299 1780 1343 1821 δὲ

162 1846 277 1893 θῆλυς
296 1846 355 1886 καὶ
373 1844 563 1900 ἡμίανδρος
583 1844 643 1885 καὶ
663 1845 856 1902 ἀμφίβολος
877 1848 939 1889 τὴν
960 1847 1054 1900 ὄψιν.
1085 1847 1164 1899 [οὐκ
1189 1846 1338 1895 ἃνδια-

162 1913 292 1970 κρίναις
318 1912 378 1953 εἴτ’
407 1911 532 1968 ἔφηβός
558 1911 632 1958 ἐςιν
657 1913 724 1953 εἴτε
755 1912 816 1953 καὶ
843 1913 1060 1970 παρθένος],
1086 1914 1147 1953 vel
1173 1913 1338 1966 asynde-

158 1987 228 2019 ton
255 1981 384 2033 arguit
405 1993 484 2019 esse
506 1981 893 2033 interpretamentum
917 1983 1112 2020 recentius
1133 1980 1340 2020 verborum

161 2048 356 2104 ἀμφίβολος
380 2049 446 2090 τὴν
470 2049 565 2102 ὄψιν.
587 2071 641 2078 —-
658 2050 676 2087 ὁ
701 2048 744 2088 δὲ
771 2049 830 2088 καὶ
858 2050 949 2104 πέρα
978 2053 1039 2088 τοῦ
1065 2049 1255 2101 εὐπρεποῦς
1278 2049 1336 2086 ἀν-

157 2115 277 2171 δρικὸς
309 2116 344 2167 [ὁ
371 2114 549 2171 Πρίαπος]
565 2147 581 2166 ,
608 2128 751 2153 nomen
785 2117 904 2152 serius
935 2116 1127 2153 additum.
1165 2113 1248 2164 §2
1277 2129 1336 2167 ye-

160 2182 254 2222 λοῖον
283 2186 359 2238 γάρ
393 2183 431 2222 τί
454 2197 506 2221 σοι
530 2182 748 2236 διηγήσομαι
778 2184 900 2237 πρῴην
929 2180 964 2220 ἐν
997 2181 1203 2235 Λαμψάκῳ
1237 2184 1333 2233 γευό-

157 2264 269 2301 μενος.
298 2251 378 2288 imo
407 2250 597 2303 γευόμενον.
630 2247 649 2300 §
676 2248 717 2286 2.
746 2248 868 2287 τούτου
898 2246 961 2300 μὲν
994 2250 1093 2287 ἕνεκα
1123 2246 1182 2284 καὶ
1208 2245 1263 2287 ἐπὶ
1292 2247 1333 2287 σὲ

157 2318 223 2368 ἄν,
251 2312 281 2353 ὦ
307 2314 511 2367 ”Απολλον,
538 2315 669 2368 ἀγάγοι
689 2316 751 2356 τὴν
771 2316 912 2368 πεῖραν.
950 2314 1076 2352 Recte
1102 2313 1227 2352 Codd.
1252 2317 1333 2356 τού-

155 2397 217 2423 του
246 2380 308 2437 μὲν
337 2378 408 2422 οὖν.
439 2381 582 2422 deinde
607 2380 791 2421 omittunt
822 2383 878 2421 ἄν.
924 2379 1047 2435 Lege:
1077 2379 1145 2420 κᾶν
1175 2379 1232 2423 ἐπὶ
1264 2385 1307 2425 σέ
1314 2417 1331 2437 ,
