1572 2801
754 172 813 216 54

197 317 343 358 operae
372 305 543 357 pretium
574 309 630 341 est
656 302 880 343 adscribere
906 303 973 343 hic
999 304 1080 343 illic
1103 306 1224 357 paulo
1251 318 1387 346 emen-

200 373 405 424 datiorem.
446 371 511 410 Ἐν
531 373 602 415 τοῖς
619 369 809 423 Φιλήμονος
834 370 1042 422 συμμίκτοις
1065 371 1145 426 περὶ
1168 371 1391 427 Ηροδοτείου

201 435 457 492 διορθώματος
493 437 511 475 ὁ
550 435 796 492 γραμματικὸς
839 434 1082 488 διαλεγόμενος
1124 445 1287 493 πειρᾶται
1329 439 1390 478 καιΙ

201 503 383 560 Ὁμηρικοὶ
412 518 489 543 τινα
521 501 733 557 σαφηνίζειν.
764 500 865 541 οὐδὲν
888 500 930 541 δὲ
962 502 1079 555 χεῖρον
1105 502 1165 539 καὶ
1197 503 1253 542 τὸν
1277 504 1384 560 Ἠρό-

198 567 307 608 δοτον
343 568 498 624 φιλοῦντί
532 581 586 606 σοι
630 569 693 609 τὴν
737 573 862 607 πᾶσαν
903 569 963 606 τοῦ
1009 564 1137 622 α’νδρός
1169 569 1388 625 α’ναγράψαι

200 641 361 683 ζήτησιν.
388 633 471 690 φησί
494 635 567 688 γὰρ
590 636 642 673 ὅτι
669 633 704 671 ἐν
725 640 767 685 τῇ
795 636 918 687 πρώτῃ
944 633 1135 688 Ἡρόδοτος
1160 640 1230 674 τῶν
1249 637 1390 690 ἱς-οριῶν

199 701 282 757 περὶ
303 703 455 758 Κροίσου
480 704 542 740 τοῦ
560 699 689 741 Λυδοῦ
712 699 829 740 πολλοὶ
858 715 896 739 τε
923 699 1018 739 ἄλλα
1045 698 1236 742 διείλεκται
1257 702 1317 742 καὶ
1337 702 1388 747 δὴ

197 769 258 808 καὶ
295 772 347 808 ὅτι
378 768 629 820 θεοσεβέςατός
662 783 700 808 τε
740 770 871 821 γένοιτο
908 767 966 806 καὶ
999 767 1205 823 διαπρεπῶς
1235 775 1386 822 τιμήσειε

196 835 245 874 τὰ
275 834 466 877 Ἑλληνικὰ
491 836 644 888 μαντεῖα
672 836 719 873 τὰ
745 833 780 873 ἑν
814 834 960 890 Δελφοῖς
971 866 988 886 ,
1017 834 1064 874 τὰ
1095 833 1130 873 ἐν
1157 835 1295 888 Θήβαις
1305 869 1321 888 ,
1349 837 1388 877 τὸ

197 904 260 939 τοῦ
285 900 481 953 Ἀμμωνος
490 933 506 952 ,
536 901 576 939 τὸ
605 905 666 940 τοῦ
687 900 933 957 Ἀμφιαράου.
960 901 1089 939 τούτων
1113 902 1174 952 μὲν
1194 901 1219 940 δ
1224 904 1244 944 ὴ
1266 902 1385 947 ἄλλοις

196 965 295 1004 ἄλλα
321 967 462 1019 πέμψαι
488 966 609 1019 δῶρα.
640 966 797 1011 α’νέθηκε
826 966 869 1006 δέ
892 980 969 1004 τινα
1001 965 1061 1003 καὶ
1096 965 1141 1004 ἐν
1179 968 1207 1005 Β
1218 981 1273 1022 ρα
1283 983 1306 1022 γ
1316 968 1384 1021 χί-

195 1031 308 1087 δῃσι
348 1039 456 1086 τῇσι
495 1032 745 1078 Μιλησίων
790 1034 839 1083 (Ι.
878 1033 950 1083 29)
992 1032 1053 1072 καὶ
1091 1035 1293 1088 γέγραπται
1336 1035 1384 1079 δὴ

196 1101 294 1139 κατὰ
330 1102 453 1140 πάντα
485 1100 611 1145 ἁπλῶς
648 1102 695 1140 τὰ
731 1102 934 1155 α’ντίγραφα
966 1100 1005 1139 τὸ
1041 1116 1061 1139 τ
1071 1107 1092 1143 ἢ
1103 1117 1119 1145 ς
1151 1103 1287 1157 ἄρθρον
1321 1102 1386 1142 σὺν

195 1171 249 1219 τῷ
281 1166 371 1206 ἰῶτα
407 1166 642 1220 ἰσοδυναμοῦν
679 1172 730 1222 τῷ
772 1183 792 1207 τ
802 1184 826 1206 α
836 1169 854 1206 ῖ
861 1184 892 1212 ς.
943 1167 1109 1219 (Nempe
1145 1168 1390 1207 scribebatur

195 1232 314 1270 THCI
342 1234 483 1271 omisso
510 1234 600 1273 ἰῶτα
623 1234 824 1285 adscripto
852 1240 894 1270 ut
921 1234 1142 1283 saepissime
1165 1235 1206 1270 in
1228 1235 1389 1285 papyris

193 1292 570 1350 Hercalanensibus)
597 1298 724 1339 οὐδένα
751 1315 791 1352 γε
812 1301 882 1351 μὴν
901 1298 1079 1341 Ἑλλήνων
1103 1298 1285 1351 ὑπομεῖναι
1307 1300 1380 1341 ,9η-

193 1363 312 1408 λυκῶς
358 1379 379 1403 τ
390 1364 415 1401 ἀ
426 1381 443 1409 ς
498 1368 527 1405 Β
538 1381 559 1421 ρ
570 1384 594 1405 α
604 1382 627 1419 γ
639 1382 664 1418 χ
676 1366 723 1405 ίδ
733 1383 756 1405 α
767 1383 783 1411 ς
833 1367 877 1405 ἂν
926 1366 1047 1404 εἰπεῖν.
1103 1364 1297 1420 Ἡρόδοτον
1337 1365 1381 1405 δὲ

194 1428 334 1483 μᾶλλον
362 1429 406 1468 ἂν
435 1431 562 1488 ἑτέρων
596 1432 832 1488 ’φυλάξασθαι
843 1464 858 1485 ,
888 1432 1024 1487 α’κριβῆ
1054 1447 1090 1471 τε
1118 1435 1202 1471 ὅντα
1230 1432 1308 1487 περιΙ
1337 1434 1385 1471 τὰ

195 1496 354 1548 ὀνόματα
394 1496 454 1535 καὶ
488 1500 581 1537 πάνυ
618 1498 773 1541 ἐπιεικῶς
810 1499 1041 1552 φροντιςικόν.
1080 1501 1179 1535 τοῦτο
1207 1496 1252 1538 δη
1281 1498 1385 1552 Θερα-

195 1562 311 1601 πεύων
339 1574 390 1606 τις
427 1562 666 1612 (Alexander
685 1562 911 1613 Cotyae'nsis
923 1590 933 1605 ‚
968 1569 1010 1600 ut
1037 1574 1126 1599 mox
1151 1562 1359 1614 apparebit
1373 1592 1382 1609 ,

195 1629 309 1680 quod
337 1629 471 1666 nescio
506 1629 711 1679 quomodo
752 1630 852 1680 fugit
890 1628 1090 1666 Lehrsium
1126 1629 1167 1665 in
1205 1628 1381 1676 Quaestt.

195 1693 346 1744 Epicis)
369 1692 437 1745 οὺχ
465 1693 659 1748 Ἡροδότου
682 1693 785 1749 φησὶν
811 1695 1014 1747 ἁμάρτημα
1042 1695 1217 1746 γεγονέναι
1226 1725 1241 1744 ,
1271 1700 1333 1746 μᾱ
1344 1694 1383 1733 λ-

199 1760 274 1799 λον
311 1758 363 1798 δὲ
401 1760 476 1799 τὸν
512 1761 696 1815 γραφέα
733 1760 844 1815 φησὶ
881 1758 1170 1814 διαμαρτεῖν
1210 1774 1384 1814 παρεμ·

200 1825 409 1877 βαλόντα
438 1825 486 1863 τὸ
523 1826 653 1864 ἰῶτα.
693 1826 847 1865 πολλὰ
880 1824 931 1864 δὲ
972 1826 1207 1881 φέρεσθαι
1243 1826 1384 1880 μέχρι

198 1896 274 1931 νῦν
312 1892 646 1947 ἁμαρτήματα
685 1894 808 1931 κατὰ
851 1894 931 1934 τὴν
981 1890 1237 1946 Ἡροδότου
1278 1906 1381 1945 συγ-

199 1959 382 2011 γραφὴν
419 1956 497 1994 καὶ
525 1960 593 1995 ἔτι
623 1960 705 1999 τὴν
732 1956 1041 1997 Θουκυδίδου
1075 1955 1152 1995 καὶ
1186 1958 1385 2002 Φιλίςου

200 2022 273 2062 καὶ
303 2027 392 2062 τῶν
420 2022 577 2062 ἄλλων
605 2021 867 2077 ἀξιολόγων
895 2023 1218 2080 συγγραφέων.
1252 2024 1295 2063 τί
1318 2022 1383 2076 δέ,-

198 2089 307 2141 οὐχὶ
336 2089 411 2127 καὶ
451 2091 507 2128 τὰ
544 2095 790 2143 ποιήματα
817 2090 991 2143 σχεδὸν
1019 2090 1241 2128 ἀνάπλεω
1274 2093 1385 2128 πάν-

198 2169 254 2195 τα
307 2159 539 2209 τυγχάνει
592 2159 951 2213 ἁμαρτημάτων
1005 2161 1253 2213 γραφικῶν
1307 2156 1386 2197 καὶ

196 2227 285 2261 τῶν
324 2221 479 2261 ἄλλων
527 2222 1025 2279 παραδιορθωμοὶτων
1062 2226 1183 2261 πάνυ
1224 2223 1382 2277 ἀγροί-

194 2305 215 2327 n
227 2305 254 2328 ω
264 2304 299 2328 ν.-
329 2289 388 2330 καὶ
416 2293 473 2329 ἵνα
506 2291 553 2342 μὴ
581 2291 774 2345 περαιτέρω
803 2304 854 2335 τις
879 2288 1077 2345 προβαίνων
1101 2287 1230 2342 ἐνοχλῇ
1252 2287 1386 2344 διερευ-
