1572 2801
737 211 793 255 75

177 345 331 387 cemodi
370 345 467 385 locis
501 344 667 384 abstinet
705 357 887 391 manum,
933 358 983 383 ne
1018 345 1090 384 sibi
1128 351 1358 398 corrumpat

177 412 369 450 iudicium
406 414 449 451 in
483 413 585 458 aliis,
627 412 694 450 ubi
720 414 800 450 veri
836 412 1056 463 reperiendi
1084 425 1170 463 spes
1197 412 1359 465 affulget

177 478 327 516 laetior.
383 479 484 517 Satis
517 486 572 518 est
605 480 634 517 si
663 479 878 531 perspicias
902 477 1060 529 ‘aliquid
1092 478 1357 526 intercidisse,

174 544 286 582 euius
305 544 500 582 interdum
525 546 642 582 etiam
669 558 822 583 sensum
846 544 1103 595 probabiliter
1130 546 1359 584 coniectan-

176 609 228 647 do
253 612 422 663 reperire
449 611 587 662 possis:
617 622 698 647 non
728 611 829 647 ultra
855 610 1112 662 pergendum.
1155 610 1252 658 Quis
1277 623 1359 648 non

173 677 312 714 sentiat
345 677 478 715 hiulca
517 690 595 716 esse
626 677 726 716 haec
762 678 812 716 ab
850 678 1068 732 {amblicho
1104 679 1145 716 in
1173 679 1249 716 vita
1282 678 1358 729 Py-

176 741 363 793 thagorae
391 755 438 780 ex
471 743 691 794 antiquiore
729 744 920 796 scriptore
956 742 1109 780 Graeco
1143 742 1355 793 descripta.

174 806 194 858 §
224 806 313 844 366-
340 811 459 863 χρόνῳ
485 811 640 863 μέντοιγε
670 812 791 864 ὕςερον
822 809 971 861 Ἀρέσαν
1002 808 1041 847 ἐκ
1068 813 1139 848 τῶν
1157 809 1356 851 Λευκανῶν

177 872 344 911 σωθέντα
365 871 432 912 διά
460 888 559 913 τινων
586 873 694 920 ξένων
716 876 977 930 ἀφηγήσασθαι
1005 880 1067 920 τῆς
1094 875 1248 927 σχολῆς,
1273 875 1357 931 πρὸς

174 938 210 978 ὃν
234 940 427 994 ἀφικέσθαι
457 940 634 996 Διόδωρον
661 943 721 991 τὸνΥ
744 940 979 992 Ἀσπένδιον,
1006 940 1043 981 ὃν
1073 941 1355 997 παραδεχθῆναι

175 1005 238 1044 διὰ
271 1020 333 1046 τκν
364 1010 492 1046 σπάνιν
527 1012 597 1047 τῶν
632 1006 667 1046 ἐν
699 1012 750 1062 τῷ
785 1012 964 1060 συςήματι
994 1008 1136 1063 ἀνδρῶν
1177 1007 1255 1062 περὶ
1290 1008 1353 1060 μὲν

173 1071 388 1128 Ἡράκλειαν
422 1072 587 1111 Κλεινίαν
627 1073 687 1112 καὶ
727 1073 895 1112 Φιλόλαον
937 1073 1012 1113 κτὲ.
1079 1073 1256 1110 Editores
1298 1073 1372 1118 nilv

170 1139 261 1176 mali
289 1140 474 1191 suspicati
501 1144 738 1190 putaverunt
766 1139 988 1191 significare
1021 1140 1178 1176 ultima:
1222 1138 1357 1177 Hera-

170 1205 282 1243 cleae
310 1211 445 1244 autem
474 1209 721 1259 superstites
749 1212 834 1245 tum
867 1207 1003 1245 adhuc
1030 1212 1151 1245 erant
1188 1206 1354 1246 Clim‘as

169 1276 209 1308 et
245 1270 492 1310 Philolaus:
524 1274 630 1311 vides
659 1273 758 1324 quid
789 1274 839 1310 de
867 1286 937 1310 suo
971 1274 1198 1325 largiantur.
1249 1274 1354 1324 Sup-

168 1337 359 1389 plendum
388 1345 443 1376 est
479 1352 525 1376 ex
554 1339 883 1391 praestantissimo
921 1339 1079 1383 codice,
1112 1352 1230 1390 quem
1268 1339 1355 1377 Flo-

168 1403 315 1440 rentiae
339 1404 754 1461 excussiz—dv8po‘13v.
784 1402 917 1450 οὗτος
955 1404 1001 1444 8&
1038 1406 1100 1450 εἷς
1137 1407 1217 1447 τὴν
1253 1405 1348 1444 Ἑλ-

167 1470 297 1510 λάδα
331 1470 607 1511 ἐπανελθὼν
640 1472 840 1512 διέδωκε
872 1474 955 1518 τὰς
983 1473 1348 1527 Πυθαγορείους

168 1539 337 1592 φωνάς.
392 1538 610 1585 ζηλωτὰς
661 1537 711 1577 8&
762 1541 934 1593 γράφει
983 1540 1214 1590 γενέσθαι
1263 1544 1350 1579 τῶν

169 1603 356 1658 ἀνδρῶν
392 1603 470 1659 περὶ
499 1603 562 1657 μὲν
590 1603 806 1659 Ἡράκλειαν
838 1604 913 1643 κτὲ.
946 1617 1050 1654 quae
1076 1617 1174 1642 nova
1199 1612 1287 1643 sunt
1312 1611 1350 1643 et

162 1670 294 1721 magni
318 1669 449 1720 pretii,
476 1682 523 1707 ex
551 1670 798 1713 Aristoxeno,
822 1670 982 1721 opinor,
1010 1675 1209 1720 excerpta.
1240 1669 1348 1709 Ocu·

163 1736 223 1772 lus
254 1734 400 1772 librarii
435 1746 457 1771 a
489 1735 619 1785 priore
655 1731 797 1787 ἀνδρῶν
829 1732 881 1769 ad
914 1734 1105 1783 posterius
1141 1734 1349 1773 aberravit.

164 1801 312 1840 Eodem
340 1800 458 1838 modo
493 1800 764 1852 pessumdatus
798 1806 853 1837 est
882 1800 992 1837 locus
1025 1805 1062 1836 et
1091 1800 1173 1850 ipse
1201 1798 1348 1837 Aristo-

160 1868 269 1912 xeni,
301 1868 370 1904 nisi
399 1868 533 1913 fallor,
566 1867 585 1919 ᾗ
612 1866 703 1907 207.
734 1866 882 1906 καθόλου
910 1867 954 1906 8&
980 1867 1237 1908 ποικιλωτάτην
1263 1868 1345 1906 εἶναι

163 1934 227 1976 τὴν
254 1937 325 1973 τῶν
346 1935 635 1990 προσφερομένων
664 1933 836 1973 ποικιλίαν
848 1966 863 1985 ,
894 1935 933 1970 in
956 1933 1100 1985 quibus
1120 1946 1235 1971 nemo
1259 1933 1348 1972 hae-

160 2000 220 2037 sit.
273 1999 407 2037 Codex
440 2002 612 2051 optimus
645 2000 774 2037 dedit:
817 1999 975 2038 καθόλου
1012 1998 1055 2038 8&
1095 1998 1347 2039 ποικιλώτατον

162 2066 246 2105 εἶναι
285 2066 334 2104 τὸ
374 2066 675 2121 ἀνθρώπινον
714 2066 843 2118 γένος
883 2066 1007 2104 κατὰ
1049 2065 1097 2103 τὸ
1135 2070 1223 2104 τῶν
1249 2064 1340 2105 ἐπι-

159 2133 344 2184 θυμιῶν
389 2132 589 2178 πλῆθος.
638 2134 830 2185 σημεῖον
879 2130 929 2171 8&
978 2131 1171 2187 ἐναργὲς
1221 2134 1340 2171 εἶναι

159 2200 222 2241 τὴν
255 2204 325 2239 τῶν
359 2201 642 2256 προσφερομένων
676 2200 847 2240 ποικιλίαν
858 2231 872 2251 ,
913 2199 981 2237 ubi
1016 2212 1219 2237 recurrens
1254 2200 1338 2239 εἶναι

157 2266 312 2317 peperit
339 2279 521 2304 errorem.
565 2267 721 2305 Addam
749 2268 903 2305 tertium
940 2266 1161 2317 exemplum
1187 2278 1235 2303 ex·
1269 2279 1338 2305 eo-

158 2329 248 2369 dem
276 2328 296 2382 §
323 2329 389 2368 30.
417 2331 567 2378 πλείονες
592 2332 615 2375 ἢ
642 2331 814 2387 δισχίλιοι
843 2334 914 2377 τοῖς
939 2331 1049 2384 λόγοις
1074 2330 1333 2384 ἐνεσχέθησαν.
