1572 2801
769 158 826 202 88

177 296 329 351 χεδήμῳ
355 298 408 349 τῷ
440 292 604 346 γλάμωνι
630 313 683 320 -
705 290 847 333 πολλῶν
874 291 1033 346 ὁρώντων
1059 293 1109 331 ἔτι
1135 291 1198 345 μὲν
1222 291 1289 332 ὑπὸ
1313 297 1367 347 τῷ

184 362 357 414 αὐτόματι
381 359 644 411 κατακείμενος.
688 358 736 396 In
759 358 819 396 his
839 358 991 408 aliquid
1014 358 1241 396 audendum
1261 365 1370 396 ratus

178 440 260 465 non
285 426 408 477 magis
435 425 627 463 audacter
654 437 775 476 quam
798 424 1007 462 infeliciter
1033 425 1250 476 rescripsit:
1280 423 1368 463 πολ-

184 491 256 532 λῶν
285 491 447 548 ὁρώντων
481 493 602 535 νυκτός
633 505 672 529 τε
702 490 771 530 ὑπὸ
800 496 851 544 τῷ
887 491 985 541 αὐτῷ
1011 491 1175 542 οἰκήματι
1201 490 1368 529 κατακεί-

184 573 285 612 μενος
293 588 310 607 ,
339 567 444 607 quae
470 568 591 605 quam
619 557 694 592 sint
721 556 854 607 inepta
878 568 959 593 non
983 555 1119 592 melius
1144 555 1275 592 sentiri
1298 567 1372 606 po—

182 629 257 662 test
276 634 399 675 quam
419 620 450 658 si
479 620 711 673 apposueris
732 633 864 659 veram
890 621 1126 673 scripturam
1148 620 1294 673 partim
1320 619 1372 658 ab

183 689 349 728 Reiskio
375 685 546 738 pulchra
574 691 611 722 et
636 685 856 723 felicissima
887 683 1114 722 coniectura
1141 685 1371 723 restitutam.

184 753 341 793 Scilicet
370 754 411 790 in
437 751 643 791 ETIMEN
672 751 793 789 latere
818 751 915 789 vidit
938 753 1061 791 ἔπινεν.
1105 750 1277 801 Reliqua
1308 749 1374 787 ad-

182 820 265 858 huc
291 819 428 857 misere
455 815 639 854 laborant
662 822 699 853 et
721 816 863 868 ineptis
889 815 1213 853 correctiunculis
1235 821 1372 852 vexata

182 891 286 924 sunt.
325 882 446 932 Quod
474 881 670 920 Graeculo
696 882 737 918 in
760 887 929 918 mentem
956 882 1080 919 venit:
1108 879 1175 919 ὑπὸ
1193 885 1244 933 τῷ
1270 880 1371 933 αὐτῷ

182 951 347 1003 οἰκήματι
374 960 453 985 non
478 947 601 998 magis
629 946 844 984 absurdum
873 953 928 984 est
954 960 1075 998 quam
1104 946 1170 987 ὑπὸ
1195 952 1246 999 τῷ
1273 947 1372 999 αὐτῷ

179 1017 373 1071 ςρώματι,
400 1014 615 1067 ςρωμοιτεῖ,
644 1016 787 1064 εἵματι,
816 1012 945 1066 ἱματίῳ
974 1026 1079 1064 quae
1116 1014 1371 1051 coniecerunt

180 1081 308 1119 critici
336 1079 583 1117 recentiores.
638 1079 754 1115 Sardi
788 1080 960 1116 venales:
998 1080 1087 1130 quis
1114 1079 1217 1116 enim
1244 1085 1372 1131 potest

180 1148 262 1185 sine
281 1146 362 1183 risu
388 1145 441 1182 ob
469 1145 608 1182 oculos
631 1144 702 1181 sibi
729 1157 876 1195 ponere
895 1144 1142 1183 Alcibiadem
1165 1152 1203 1183 et
1227 1146 1372 1184 Arche-

181 1212 341 1250 demum
361 1214 563 1263 potantes
596 1208 663 1249 ὑπὸ
695 1214 746 1263 τῷ
776 1208 876 1263 αὐτῷ
909 1210 1038 1264 ἱματίῳ
1074 1211 1370 1263 κατακειμένουςῗ

178 1277 290 1316 Nova
310 1275 474 1327 quidem
494 1274 594 1313 haec
618 1282 673 1313 est
695 1276 938 1327 compotatio
961 1276 1002 1313 in
1024 1278 1214 1328 stragulis.
1246 1278 1372 1326 Quae·

179 1356 265 1382 rere
304 1342 424 1394 igitur
458 1340 705 1392 pergendum
741 1341 841 1392 quid
876 1342 916 1379 in
950 1342 1029 1379 istis
1063 1340 1372 1396 ὑποτωιαυτοματι

178 1410 314 1448 lateat.
356 1406 478 1444 Porro
505 1419 547 1457 p.
579 1405 654 1443 143
680 1405 789 1456 (346.
820 1405 885 1457 Β.)
915 1420 1040 1457 quum
1068 1408 1108 1445 in
1135 1408 1242 1446 libris
1266 1416 1372 1448 recte

179 1474 370 1525 scriptum
407 1476 523 1508 esset:
563 1470 599 1510 ὃν
633 1472 771 1523 μᾶλλον
806 1472 877 1511 ἔδει
908 1475 1151 1524 κοσμιώτατον
1186 1476 1270 1514 εἶναι
1300 1481 1372 1516 τῶν

182 1538 334 1578 πολιτῶν
353 1557 409 1564 —-
426 1532 526 1580 οὗτος
554 1536 687 1591 ἑτέρους
722 1536 872 1591 ὑβρίζειν
907 1545 1101 1593 πειρᾶται,
1132 1541 1264 1578 nescio
1290 1555 1371 1592 qua

182 1604 233 1641 de
262 1614 379 1640 causa
406 1597 505 1646 οὗτος
532 1602 573 1639 in
597 1602 615 1641 ὁ
638 1601 679 1640 δέ
705 1603 883 1640 mutavit.
928 1601 1040 1640 Peius
1067 1605 1182 1641 etiam
1211 1619 1251 1656 p.
1283 1606 1369 1649 143.

184 1666 283 1720 (346
305 1665 370 1718 Β.)
410 1666 586 1711 πολλοςὸν
619 1668 721 1724 μέρος
751 1672 820 1707 τῶν
855 1666 958 1707 εἰδῶν
989 1674 1059 1709 τῶν
1090 1669 1206 1725 ἑαυτῷ
1239 1686 1371 1726 προση-

182 1736 315 1774 κόντων
344 1732 519 1770 resecuit·
538 1732 658 1771 verba
689 1737 759 1773 τῶν
785 1732 889 1773 εἰδῶν
918 1735 1025 1772 nulla
1052 1736 1125 1773 alia
1155 1736 1205 1774 de
1228 1750 1368 1783 causa,

181 1800 255 1839 nisi
289 1797 402 1850 quod
437 1809 518 1834 non
556 1798 812 1850 intelligebat.
858 1798 986 1837 Acute
1018 1800 1271 1839 Marklandus
1304 1808 1374 1842 τῶν

182 1864 327 1906 ὀνειδῶν
348 1862 598 1901 scribendum
620 1877 700 1902 esse
724 1866 836 1911 vidit,
862 1872 901 1903 at
916 1878 997 1904 non
1012 1866 1177 1917 perfecit
1194 1869 1374 1908 emenda-

181 1932 345 1970 tionem:
375 1942 518 1981 nempe
544 1932 822 1982 corrigendum
845 1938 1046 1982 praeterea
1071 1939 1153 1969 erat
1173 1935 1374 1987 προσόντων

185 2008 262 2050 pro
288 1996 533 2051 προσηκόντων
543 2001 632 2047 ,μὶ
661 1995 770 2047 apud
793 1994 1089 2033 Demosthenem
1120 2009 1192 2048 pro
1218 1997 1372 2038 Corona

182 2079 227 2116 p·
253 2063 345 2100 314.
374 2062 412 2100 οὐ
449 2062 521 2118 γὰρ
548 2061 599 2100 ὅσ’
634 2061 678 2101 ἂν
711 2060 864 2114 δεῖξαιμι
897 2063 1226 2117 προσόντ’.αι’σχρὰ
1260 2066 1373 2120 τούτῳ

182 2129 244 2169 καὶ
279 2126 420 2178 ὀνείδη,
448 2128 556 2167 πάντ’
588 2129 683 2181 οἶμαι
713 2127 789 2167 δεῖν
821 2127 975 2184 εὐχερῶς
1005 2127 1128 2182 λέγειν.
1160 2135 1197 2167 et
1221 2132 1375 2183 saepius

182 2195 289 2236 alibi.
349 2194 429 2231 Hae
460 2194 580 2245 igitur
622 2206 756 2232 omnes
782 2195 954 2232 eiusdem
984 2197 1073 2232 sunt
1098 2195 1139 2232 in
1173 2209 1250 2234 una
1282 2210 1373 2246 ora-

182 2262 288 2320 tione
313 2258 647 2315 παραδιορθώσεις
678 2260 818 2298 similes
846 2272 867 2297 e
894 2260 1055 2311 reliquis
1082 2261 1191 2300 nullo
1214 2264 1372 2317 negotio
