1572 2801
741 182 798 224 48

171 321 280 353 tum.-
325 312 483 363 respicit
520 312 623 351 enim
652 316 771 364 pocta
798 326 989 365 poenam,
1033 326 1114 365 qua
1143 312 1307 352 affectus
1332 328 1355 352 a

170 379 354 431 Dionysio
386 378 503 417 fuerit
535 377 791 421 Philoxenus:
835 378 941 417 unde
964 379 1030 418 ille
1057 380 1260 434 τιναχὲείς,
1287 394 1354 419 ve-

171 447 382 484 hementer
418 451 660 491 commotus,
701 446 845 501 ὠρυγῇ,
887 460 1036 498 magno
1076 461 1166 485 cum
1196 449 1356 486 eiulatu

171 523 245 562 per
271 511 409 548 urbem
431 511 702 563 Colophonem
725 512 874 549 transiit
888 512 927 549 in
949 512 1117 563 patriam
1143 511 1353 564 Cythera.‘'

172 577 278 614 Haec
312 590 362 614 ne
399 577 473 627 ipsi
501 576 663 627 quidem
691 577 997 615 Hermesianacli
1026 576 1235 615 affirmanti
1269 591 1356 616 cre-

171 642 374 685 deremus,
393 653 467 678 nec
491 641 573 678 sine
598 641 678 677 risu
701 653 829 686 nunc,
847 641 1008 691 opinor,
1026 642 1054 679 si
1080 642 1199 679 modo
1221 642 1357 679 etiam-

173 714 257 746 tum
284 708 383 746 serio
397 707 551 758 scripsit
567 736 576 752 ‚
594 706 839 745 Hermannus
869 708 951 758 ipse
978 700 1154 759 relegets
1176 708 1277 746 adeo
1305 710 1357 746 ri-

173 774 330 810 diculus
356 778 410 808 est
441 771 677 809 Philoxenus
709 771 882 809 ululans
906 772 1015 822 (nam
1056 771 1134 810 hoc
1158 779 1215 816 est
1249 775 1357 829 ὠρύε-

173 839 255 879 σθαι
283 845 321 878 et
348 839 467 895 ὠρυγή
478 870 494 889 ,
521 850 601 876 non
627 835 804 887 eiulare)
840 849 886 875 ex
919 837 1117 876 lautumiis
1142 852 1214 890 per
1242 839 1360 878 Colo-

172 907 346 957 phonem
383 906 424 942 in
464 905 631 955 patriam
661 909 867 941 revertens.
912 902 1054 940 Ultima
1092 904 1197 940 varie
1233 901 1358 956 expli-

173 976 334 1010 cantur:
375 969 440 1007 alii
468 974 610 1021 putant
646 981 799 1007 sensum
836 981 937 1006 esse:
979 982 1209 1015 utmorem,
1238 984 1359 1023 quem

172 1038 430 1077 Philoxenus
453 1037 748 1087 primogenitis
774 1038 910 1073 ovium
932 1035 1138 1081 foetibus,
1168 1039 1257 1075 sive
1284 1052 1358 1089 ag-

172 1104 239 1141 nis
271 1101 498 1148 Gammae,
529 1103 667 1139 inesse
700 1100 853 1150 finxiP'
886 1102 968 1139 aliis
992 1104 1111 1154 poeta
1139 1101 1270 1141 dicere
1302 1105 1359 1142 vi-

176 1169 292 1205 detur
331 1166 609 1205 Philoxenum
651 1165 856 1204 Galateae
881 1168 1131 1205 desiderium.
1155 1169 1223 1205 vel
1251 1172 1359 1220 ipsis

177 1234 302 1285 agnis
329 1232 569 1268 incussisse.
598 1229 699 1269 οὐδὲν
720 1228 825 1283 ὑγιές.
854 1231 1001 1282 Ecquis
1027 1236 1158 1269 autern
1185 1233 1360 1285 aliquam

174 1296 404 1335 sententiam
431 1295 663 1347 exsculpere
689 1302 817 1347 potest
843 1309 889 1334 ex
918 1296 977 1334 his
1002 1310 1056 1335 vs-
1088 1296 1139 1336 79
1165 1311 1254 1351 sqq.

284 1361 386 1401 Οὐδὲ
412 1361 475 1414 μὲν
503 1359 580 1399 οὐδ’
608 1361 725 1400 ὁπόσοι
753 1361 903 1418 σκληρὸν
929 1362 1003 1414 βίον
1031 1361 1226 1405 ἐκτήσαντο

392 1428 597 1482 ἀνθρώπων
611 1459 627 1478 ,
654 1427 793 1469 σκολιὴν
821 1430 996 1481 μαιόμενοι
1023 1429 1169 1484 σοφίην,

287 1495 360 1539 Οἳις
389 1495 481 1536 αὐτὴ
509 1493 588 1550 περὶ
616 1495 726 1547 πικρὰ
753 1495 867 1547 λόγων
894 1494 1085 1550 ἐσφίγξατο
1113 1501 1215 1549 μῆτις

397 1561 455 1601 καὶ
482 1560 579 1603 δεινὴ
608 1561 735 1613 μύθων
763 1560 873 1606 κῆδος
899 1562 1017 1613 ἔχουσ“
1045 1563 1154 1617 ἀρετή
1164 1595 1180 1613 ‚

287 1628 383 1668 Οὐδ’
412 1627 443 1666 οἳ
471 1626 580 1666 δεινὸν
607 1629 736 1681 ἔρωτος
764 1628 1017 1683 ἀπεςρέψαντο
1046 1627 1232 1681 κυδοιμὸν,

396 1695 618 1750 φαινόμενον,
645 1691 756 1731 δεινὸν
784 1691 819 1731 δ’
849 1691 960 1735 ἦλθον
988 1693 1043 1749 ὑφ’
1072 1695 1221 1746 ἡνίοχον.

230 1763 275 1799 In
313 1775 424 1799 versu
467 1762 580 1798 lertio
620 1761 865 1797 Hermannus
900 1775 940 1812 p.
968 1760 1063 1798 250.
1098 1760 1257 1812 corrigit
1293 1759 1363 1802 αὺή

180 1836 218 1867 et
260 1841 414 1867 sensum
453 1827 641 1879 opinatur
681 1838 760 1864 esse
806 1825 933 1864 huncz
987 1841 1116 1882 »quoe
1155 1826 1361 1864 anhelans

178 1908 282 1932 cura
306 1893 561 1943 disputando
588 1892 638 1930 de
665 1891 787 1928 rebus
814 1893 968 1928 amoris
995 1893 1239 1929 macilentos
1266 1891 1360 1928 red-

178 1960 318 1999 didit''
358 1954 394 1998 εὖ
424 1960 466 2001 νὴ
496 1958 553 1998 τὸν
579 1959 742 2013 Ἑρμῆν,
783 1960 803 1996 ὅ
831 1972 864 1997 τι
895 1956 1006 2012 λέγεις
1033 1957 1069 1998 δ’
1105 1958 1144 1999 οὒ
1177 1957 1357 2012 μανθάνω.

179 2028 279 2064 Nam
305 2027 333 2063 si
358 2027 417 2064 vel
457 2026 623 2063 maxime
651 2025 721 2067 αὐὴ
753 2030 855 2076 μῆτις
883 2030 1013 2075 posset
1040 2037 1120 2062 esse
1154 2024 1360 2062 anhelans

178 2106 282 2131 cura
318 2097 356 2130 et
395 2091 617 2147 cqaz'yyeoffaz'
637 2105 714 2130 τινα
753 2091 933 2143 aliquem
968 2103 1181 2130 macerare
1211 2095 1249 2128 et
1280 2088 1360 2144 περὶ

180 2159 290 2213 πικρὰ
316 2158 430 2210 λόγων
461 2158 715 2209 disputando
738 2158 788 2195 de
822 2158 944 2195 rebus
966 2159 1148 2201 amoris,
1185 2162 1227 2193 ut
1253 2168 1362 2195 nunc

180 2237 259 2262 non
285 2230 435 2275 potest,
462 2223 522 2261 vel
545 2224 600 2261 sic
617 2229 747 2261 tamen
768 2236 815 2261 ex
840 2223 1013 2262 versibus
1032 2222 1173 2275 quinto
1196 2227 1233 2259 et
1254 2226 1362 2258 sexto

184 2296 402 2342 utcumque
425 2288 600 2328 obscuris
624 2297 661 2328 et
686 2290 778 2329 atris
791 2290 883 2329 satis
904 2296 1071 2342 apparet
1096 2288 1275 2328 nondum
1295 2287 1361 2325 hic
