1572 2801
785 204 812 245 2
859 205 868 212 .

221 334 436 393 republica
473 339 513 375 et
544 335 585 375 in
616 333 887 376 severioribus
918 335 1145 391 disciplinis
1179 337 1385 394 principes

222 413 357 450 essent
387 406 464 448 hac
493 421 662 463 quoque
688 406 897 449 literarum
928 407 1049 450 laude
1085 409 1258 466 spectari
1293 408 1381 451 vel-

225 481 331 532 lent,
367 494 479 520 nunc
509 480 620 536 apud
657 480 806 521 horum
832 480 1052 537 plerosque
1082 482 1211 524 iacere
1238 496 1384 539 coepe-

222 554 305 595 rint
329 566 376 595 ac
394 566 526 610 prope
544 552 714 594 dixerim
737 555 955 596 contemni.
995 554 1235 611 Saepissime
1250 569 1382 610 quum

224 641 393 683 peregre
408 625 588 666 abessem
605 638 700 665 cum
721 624 892 666 eruditis
903 626 1014 667 Italis
1027 627 1090 668 vel
1108 627 1196 668 aliis
1211 626 1381 682 quibus-

223 699 338 750 dam,
367 710 472 754 quos
497 696 677 738 discendi
696 711 811 739 amor
826 703 898 739 aut
915 698 1078 741 fortuna
1095 685 1238 741 eodem
1256 698 1383 740 addu-

222 776 358 821 xerat,
373 770 424 811 de
440 768 668 811 studiorum
683 770 839 811 ratione
855 784 1059 813 sermones
1072 770 1284 813 conferens
1298 784 1383 812 non

225 844 311 885 sine
333 855 517 883 moerore
542 847 584 882 et
614 840 890 896 indignatione
916 844 1020 884 sensi
1050 857 1174 899 quam
1201 843 1282 885 alte
1305 843 1379 885 ista

224 915 340 956 labes
380 914 535 954 animos
583 914 811 956 multorum
858 915 1062 957 insederit.
1122 916 1214 958 Non
1254 930 1384 971 aeque

224 986 409 1028 omnium
447 1000 513 1026 me
546 984 737 1031 movebat
771 988 1006 1029 auctoritas.
1067 988 1295 1030 Multorum
1328 988 1384 1031 le-

222 1061 388 1102 vitatem
422 1056 481 1099 nil
520 1062 680 1114 praeter
721 1072 795 1099 sua
816 1052 1116 1100 'admirantium
1150 1059 1267 1101 facile
1298 1065 1386 1102 erat

224 1137 497 1176 contemnere.
557 1130 681 1172 Erant
711 1132 783 1187 qui
813 1132 971 1174 nullius
1001 1131 1240 1188 disciplinae
1271 1132 1385 1188 gnari

222 1212 265 1248 et
303 1205 355 1247 de
391 1202 583 1245 omnibus
613 1208 749 1244 tamen
780 1204 958 1245 suaviter
994 1203 1045 1244 ad
1077 1203 1287 1259 imperitos
1317 1217 1387 1244 au-

223 1279 376 1321 ditores
401 1276 597 1318 disserere
629 1275 737 1317 soliti
763 1276 939 1318 eundem
969 1291 1124 1319 morem
1147 1275 1228 1316 alio
1257 1281 1386 1317 trans·

223 1352 377 1393 ferrent
408 1355 450 1391 et
480 1362 586 1404 quae
612 1348 689 1403 ipsi
716 1349 938 1402 nescirent,
965 1349 1018 1391 ab
1043 1350 1132 1390 aliis
1148 1349 1240 1389 sciri
1269 1362 1388 1405 posse

220 1428 293 1464 aut
332 1421 434 1462 disci
479 1418 629 1461 debere
667 1425 874 1475 negarent.
936 1420 1014 1462 Sed
1050 1425 1289 1477 supererant
1321 1419 1389 1461 alii

224 1494 335 1536 acuti
381 1506 476 1533 sane
522 1490 705 1532 homines
749 1496 790 1532 et
825 1491 1047 1546 ingeniosi,
1088 1489 1233 1547 quales
1273 1488 1389 1531 Italia

224 1579 478 1624 quamquam
507 1564 612 1605 tristi
645 1563 743 1605 olim
772 1565 965 1606 servitute
990 1572 1183 1622 oppressa
1209 1568 1248 1604 et
1274 1561 1389 1618 quod

223 1641 346 1682 etiam
377 1639 493 1694 peius
521 1638 582 1678 est
619 1637 731 1692 gravi
760 1641 925 1679 veterno
959 1642 1127 1694 torpens
1153 1634 1388 1692 complures

224 1711 410 1769 proferre
442 1723 525 1751 non
555 1708 696 1762 desiit,
728 1710 799 1765 qui
832 1711 979 1751 avitam
1012 1710 1168 1767 patriae
1194 1707 1387 1764 gloriam,

225 1786 438 1826 literarum
469 1783 731 1838 antiquarum
764 1783 922 1836 studia,
959 1782 1258 1839 vilipenderent
1288 1785 1389 1821 tam·

228 1871 352 1914 quam
381 1870 466 1897 rem
502 1855 703 1896 minutam
734 1859 775 1896 et
802 1855 967 1909 exilem,
999 1869 1074 1897 nec
1103 1854 1198 1895 satis
1225 1852 1391 1908 dignam

228 1944 487 1974 summorum
513 1929 694 1970 virorum
717 1943 912 1985 persona,
935 1944 957 1970 a
984 1928 1138 1985 quibus
1158 1942 1231 1969 sua
1253 1927 1395 1978 cuius-

229 2017 314 2061 que
352 2001 483 2057 patria
514 2000 708 2042 maiorem
745 2000 1039 2043 humanitatem
1077 2000 1394 2056 felicitatemque

230 2077 377 2119 merito
392 2078 655 2129 exspectaret.
688 2072 945 2128 Elegantium
962 2073 1177 2115 hominum
1194 2086 1241 2113 ea
1262 2071 1397 2113 studia

232 2145 477 2191 dictitabant
498 2158 604 2198 esse,
629 2144 712 2186 otio
728 2144 1003 2187 affluentium:
1025 2144 1148 2186 vitam
1173 2143 1397 2197 humanam

235 2236 347 2263 nunc
379 2217 565 2276 graviora
595 2216 806 2272 postulare
840 2231 888 2259 ac
918 2217 1137 2259 severiora:
1169 2215 1397 2273 optandum

234 2309 320 2337 esse
356 2292 461 2336 illud
503 2288 691 2347 quidem,
736 2294 783 2332 ut
819 2290 891 2346 qui
929 2289 972 2332 in
1008 2288 1233 2332 maioribus
1263 2287 1399 2333 excel·
