1572 2801
763 207 822 252 27

218 351 361 392 contra
382 341 476 389 novi
495 356 658 401 semper
676 356 836 389 errores
855 357 905 386 ex
930 343 1193 389 librariorum
1212 351 1383 405 stupore

217 426 259 463 et
289 418 585 462 Graeculorum
612 422 763 458 temere
789 416 1081 471 corrigentium
1109 417 1276 462 libidine
1298 422 1382 478 pri-

219 493 335 536 stinis
357 489 565 535 erroribus
584 487 854 531 addebantur.
901 487 1010 530 Haec
1035 490 1169 531 omnia
1184 490 1256 532 diu
1283 506 1380 534 eru-

219 566 294 607 diti
317 565 490 607 editores
519 561 703 615 undique
729 560 903 602 collecta
927 566 1135 617 tamquam
1162 564 1205 604 in
1233 563 1380 607 horrea

217 636 515 689 recondebant,
549 633 659 676 unde
690 639 946 690 expromeret
970 633 1047 677 sibi
1069 636 1244 692 quisque
1266 636 1380 692 quod

219 710 270 752 ad
313 707 533 750 eruendam
576 705 795 762 genuinam
840 705 1054 748 lectionem
1094 708 1226 751 facere
1266 710 1379 752 vide-

216 787 345 825 retur.
384 780 567 823 Frustra:
597 792 692 820 nam
709 776 852 820 deletis
879 777 1169 834 utplurimum
1187 782 1380 838 antiquae

216 856 442 911 scripturae
463 853 639 908 vestigiis
661 857 902 907 supererant
921 851 1231 897 dormitantium
1253 856 1377 899 libra-

215 928 371 970 riorum
401 925 742 968 hallucinationes
768 923 885 966 unde-
902 924 960 966 nil
986 926 1212 984 quidquam
1244 928 1377 974 bonae

216 1001 346 1056 frugis
384 998 575 1052 extundi,
614 996 686 1039 sed
720 996 880 1039 levibus
910 999 1248 1042 correctiunculis
1279 1016 1377 1045 ansa

216 1072 306 1121 dari
332 1071 492 1113 soleret.
540 1068 720 1112 Tandem
749 1074 914 1125 patrum
942 1071 1115 1113 maxime
1136 1079 1374 1118 nostrorum

213 1146 408 1189 memoria
438 1144 695 1187 intellectum
722 1147 785 1184 est
813 1157 863 1184 ex
892 1142 1193 1199 antiquioribus
1212 1152 1253 1187 et
1279 1147 1374 1189 lim-

214 1218 443 1277 pidioribus
474 1217 657 1260 fontibus
679 1218 800 1259 unice
829 1230 915 1259 esse
948 1216 1241 1274 hauriendum,
1273 1237 1373 1266 con-

213 1291 398 1345 stititque
430 1289 654 1331 admodum
690 1303 821 1346 pauca
852 1302 959 1342 esse,
1001 1289 1154 1344 quibus
1184 1292 1285 1335 fides
1309 1309 1374 1337 sa-

213 1365 265 1406 tis
289 1368 381 1406 tuto
405 1362 544 1404 haberi
563 1366 712 1418 posset.
755 1361 919 1417 Reperti
950 1366 1047 1402 sunt
1072 1364 1371 1410 nonnullorum

211 1440 457 1496 scriptorum
472 1437 630 1480 codices
644 1429 873 1493 archetypi,
894 1436 1107 1491 exquibus
1124 1437 1270 1492 reliqui
1287 1453 1371 1481 om-

211 1526 304 1565 nes,
321 1511 393 1567 qui
408 1510 563 1564 ubique
578 1506 782 1560 feruntur,
808 1513 905 1549 sunt
920 1510 1154 1564 propagati:
1173 1525 1247 1552 nec
1266 1527 1369 1555 vana

210 1597 282 1642 spe
312 1595 565 1638 auguramur
591 1580 696 1633 fore,
737 1585 784 1621 ut
814 1579 1035 1635 aliquando
1062 1586 1134 1622 aut
1163 1597 1271 1624 unus
1298 1591 1371 1627 aut

212 1656 407 1713 perpauci
444 1654 611 1696 Codices
645 1653 740 1694 Mss.
775 1654 1000 1709 unicuique
1031 1656 1219 1710 scriptori
1249 1672 1369 1702 omne

208 1728 393 1772 lectionis
410 1733 452 1769 et
470 1725 761 1769 emendationis
782 1725 1094 1769 fundamentum
1113 1729 1193 1771 sint
1216 1743 1370 1789 suppe-

205 1803 387 1846 ditaturi.

273 1876 344 1930 Iis,
391 1874 463 1931 qui
507 1873 802 1931 comportanda
845 1873 988 1916 sedulo
1028 1877 1195 1918 materia
1231 1877 1369 1920 Critici

209 1951 345 1994 officio
366 1962 452 1990 sese
468 1949 563 1989 satis
584 1953 691 1990 recte
711 1947 825 2003 fungi
841 1948 1095 1990 arbitrantur
1110 1952 1287 2006 oppositi
1303 1952 1365 1994 illi

208 2028 325 2077 sunt,
356 2020 428 2077 qui
454 2025 588 2077 spreta
616 2025 873 2062 vetustorum
895 2020 1097 2063 librorum
1124 2025 1367 2067 auctoritate

206 2097 277 2139 sed
310 2094 432 2137 feraci
467 2094 629 2149 ingenio
664 2093 805 2135 confisi
845 2108 941 2135 sana
972 2096 1124 2151 pariter
1155 2101 1197 2138 ct
1227 2098 1366 2140 vitiosa

204 2168 343 2211 subito
365 2166 471 2209 natis
500 2165 746 2207 coniecturis
767 2165 1006 2221 sollicitant,
1035 2172 1148 2210 tanta
1173 2168 1365 2213 facilitate

204 2255 364 2297 semper
378 2240 533 2297 aliquid
554 2240 649 2281 novi
666 2242 868 2297 parientes
885 2247 931 2283 ut
946 2241 1086 2283 eadem
1105 2243 1223 2284 variis
1238 2244 1363 2287 simul

202 2311 334 2355 modis
361 2312 584 2369 refingant,
625 2326 719 2355 mox
762 2313 841 2355 alia
879 2313 999 2356 etiam
1031 2317 1155 2369 atque
1182 2314 1261 2357 alia
1292 2316 1360 2358 af-
