1572 2801
738 235 825 280 159

190 372 324 412 rantis.
378 370 477 412 Vide
514 383 622 410 nunc
659 370 753 409 mihi
789 369 889 422 quid
928 369 1117 410 acciderit
1151 371 1191 411 in
1227 369 1369 411 Iuliani

192 438 302 476 Orat.
322 437 429 477 VIII.
454 452 494 488 p.
513 437 604 475 246.
628 437 694 475 ubi
715 438 793 489 agit
813 437 987 475 Iulianus
1010 438 1060 475 de
1082 437 1229 476 Pericle
1248 451 1369 490 quern

193 503 295 543 cives
329 503 596 557 praeceptoris
635 503 890 554 Anaxagorae
930 503 1212 540 consuetudine
1248 503 1368 541 absti-

191 582 284 608 nere
309 570 542 621 coegissent:
571 568 653 606 ἀλλ’
671 570 787 623 ἔφερεν
814 568 860 612 ὡς
886 568 974 621 ἀνὴρ
996 570 1133 623 ἔμφρων
1161 571 1223 611 τὴν
1248 573 1365 621 ἄγνοι-

191 650 236 675 αν
275 636 429 687 (melius
466 633 591 671 codex
627 633 846 672 Marcianus
891 634 1067 684 optimae
1102 641 1239 673 notae:
1283 636 1362 675 ἀλλ’

188 702 328 756 ἔμφρων
358 699 407 738 ὢν
440 698 527 753 ἀνὴρ
561 700 656 754 ἔφερε
692 701 754 740 τὴν
792 697 925 749 ἄνοιαν)
964 702 1034 737 τῶν
1068 699 1177 738 αὐτοῦ
1211 702 1364 741 πολιτῶν

126 760 131 767 ’
187 766 369 823 ἐγκρατῶς
396 763 455 804 καὶ
476 767 615 821 πρᾴως.
642 763 701 803 καὶ
727 764 800 820 γὰρ
825 770 867 815 τῇ
893 763 1039 820 πατρίδι
1061 767 1234 823 καθάπερ
1259 769 1364 825 μητρὶ

185 835 328 881 δικαίως
348 835 410 888 μὲν
435 836 477 873 οὔ
502 834 669 886 χαλεπῶς
696 833 733 872 δ’
759 837 851 886 ὅμως
877 833 1007 888 ἐχούσῃ
1038 835 1125 889 πρὸς
1154 838 1216 875 τὴν
1241 850 1362 874 συνου-

186 902 266 941 σίαν
294 902 410 958 αὐτῶν
439 902 536 941 εἴκειν
558 905 644 955 ᾤετο
667 906 820 955 χρῆναι,
848 905 989 953 ταῦτα,
1016 902 1062 946 ὡς
1086 902 1170 947 εἰκὸς
1181 934 1196 956 ,
1219 902 1361 954 λογιζό-

186 981 308 1022 μενος·
344 969 495 1020 [ἀκούειν
520 968 563 1008 δὲ
588 970 660 1024 χρὴ
689 973 761 1008 τῶν
784 968 865 1016 ἑξῆς
892 970 939 1014 ὡς
969 973 1030 1009 τοῦ
1058 968 1269 1023 Περικλέους
1292 969 1358 1008 αὐ-

183 1035 282 1087 τοῦ].
308 1034 382 1089 ἐμοὶ
410 1035 504 1079 πόλις
532 1035 594 1087 μέν
627 1033 681 1079 ἐςι
710 1034 768 1073 καὶ
798 1034 924 1091 πατρὶς
946 1036 963 1074 ὁ
986 1037 1112 1088 κόσμος
1143 1035 1217 1074 κτὲ.
1259 1035 1359 1074 Satis

182 1110 238 1140 est
263 1103 304 1140 in
331 1103 430 1141 haec
458 1103 623 1154 digitum
652 1102 864 1140 intendere.
908 1102 987 1140 Nec
1014 1104 1160 1147 minus,
1191 1103 1354 1153 opinor,

179 1168 222 1206 in
246 1169 314 1206 illa
340 1169 448 1219 apud
471 1168 783 1213 Demosthenem,
815 1168 959 1219 quibus
981 1174 1023 1205 ut
1046 1169 1098 1206 ad
1124 1169 1231 1206 hunc
1254 1169 1358 1207 diem

178 1241 408 1286 parceretur
437 1235 557 1271 nimia
592 1239 767 1271 veterum
796 1233 1110 1271 membranarum
1143 1235 1357 1273 reverentia

177 1300 334 1339 videtur
360 1300 549 1345 effecisse,
580 1299 621 1336 in
644 1298 818 1350 Philipp.
842 1298 915 1335 III.
946 1312 985 1348 p.
1017 1299 1103 1336 122.
1133 1299 1184 1343 τίς
1210 1297 1251 1342 ἦν
1279 1300 1354 1340 ποθ’

178 1368 200 1410 ἡ
227 1366 364 1406 διάνοια
390 1370 461 1406 τῶν
489 1367 566 1404 τότε
598 1363 788 1406 Ἀθηναίων
815 1368 886 1403 τῶν
913 1367 1030 1402 ταῦτα
1062 1367 1244 1406 ποιούντων
1268 1367 1289 1410 ἢ
1319 1369 1359 1407 τί

175 1433 214 1472 τὸ
241 1431 410 1485 ἀξίωμα,·
438 1432 554 1471 ἐκεῖνοι
578 1431 740 1476 Ζελείτην
765 1430 843 1469 τινὰ
866 1430 1039 1484 Ἄρθμιον
1049 1463 1065 1482 ,
1093 1432 1220 1473 δοῦλον
1244 1434 1350 1486 βασι-

175 1501 262 1546 λέως
274 1534 289 1552 ,
339 1501 377 1552 [ἡ
404 1502 476 1557 γάρ
503 1501 626 1541 Ζέλεια
663 1499 719 1545 ἐςὶ
756 1505 816 1544 τῆς
847 1498 983 1550 Ἀσίας]
1023 1503 1074 1540 ὅτι
1109 1505 1159 1554 τῷ
1194 1499 1350 1555 δεσπότῃ

172 1567 341 1607 διακονῶν
369 1571 514 1623 χρυσίου
542 1572 675 1620 ἤγαγεν
702 1567 748 1612 εἷς
777 1566 1037 1611 Πελοπόννησον
1056 1589 1108 1594 —
1125 1565 1260 1620 ἐχθρὸν
1285 1568 1350 1606 αὑ-

170 1639 241 1673 τῶν
268 1634 490 1689 ἀνέγραψαν.
536 1633 625 1681 Quo
650 1633 779 1669 animo
806 1631 943 1669 credas
971 1630 1242 1679 Athenienses,
1275 1634 1353 1681 τοὺς

173 1708 295 1742 πᾶσαν
321 1700 520 1740 θάλασσαν
552 1699 612 1738 καὶ
642 1704 708 1752 γῆν
737 1697 885 1749 ἐσβατόν
917 1703 959 1749 τῇ
991 1697 1108 1737 αὐτῶν
1133 1699 1244 1754 τόλμῃ
1279 1717 1347 1740 κα-

171 1771 467 1822 ταναγκάσαντας
491 1767 659 1819 γενέσθαι
682 1764 879 1816 (Thucyd.
902 1763 953 1801 ΙΙ.
975 1763 1081 1815 41.)‚
1110 1764 1151 1803 in
1176 1779 1348 1818 quorum

169 1834 306 1872 urbem
340 1835 474 1886 ingens
502 1833 677 1884 undique
711 1832 1004 1883 peregrinorum
1036 1844 1219 1871 numerus
1250 1847 1347 1873 con-

167 1901 289 1940 fluere
315 1900 483 1946 solebat,
516 1901 585 1937 ista
614 1898 816 1936 audituros
839 1898 972 1943 fuisse,
1000 1910 1104 1949 quae
1130 1911 1179 1936 ne
1202 1900 1347 1939 rustica

168 1967 330 2018 quidem
354 1967 561 2017 plebecula
587 1967 761 2004 omnium
787 1978 915 2003 rerum
941 1965 1075 2016 ignara
1102 1966 1143 2004 in
1166 1966 1243 2005 hac
1266 1980 1347 2005 sen-

165 2034 287 2071 tentia
322 2033 488 2070 multum
526 2031 804 2069 desiderasset?
850 2030 887 2067 Is
916 2031 1000 2081 ipse
1037 2032 1106 2082 qui
1140 2033 1345 2084 adscripsit

164 2113 246 2138 non
272 2099 431 2138 aliunde
456 2111 576 2149 quam
601 2110 648 2135 ex
676 2096 752 2134 hoc
774 2096 859 2146 ipso
883 2096 972 2134 loeo
1000 2097 1213 2135 confecisse
1235 2098 1343 2137 vide·

163 2172 247 2213 tur,
280 2166 346 2204 ubi
376 2172 565 2204 terrarum
596 2164 709 2200 Zelea
735 2164 806 2200 sita
834 2169 944 2199 esset.
985 2163 1167 2200 Eiusdem
1194 2165 1343 2214 generis

159 2239 214 2270 est
252 2233 363 2284 quod
391 2232 531 2284 legitur
558 2230 598 2267 in
630 2228 851 2279 Philippica
889 2228 919 2265 I.
951 2242 993 2278 p.
1017 2227 1081 2265 54.
1119 2226 1217 2281 ὑμῶν
1245 2227 1280 2267 δ’
1309 2231 1339 2269 οἱ

161 2296 225 2350 μὲν
253 2301 432 2353 περιιόντες
457 2297 548 2351 μετὰ
580 2294 870 2347 Λακεδαιμονίων
899 2294 985 2349 φασὶ
1013 2294 1188 2334 Φίλιππον
1218 2299 1337 2351 προὶτ-

159 2378 226 2403 τειν
265 2367 327 2407 τὴν
362 2363 536 2416 Θηβαίων
572 2362 768 2402 κατάλυσιν
786 2384 837 2390 -
856 2384 908 2390 -
928 2362 958 2400 οἱ
995 2360 1037 2400 δὲ
1067 2360 1189 2414 λόγους
1218 2362 1337 2405 πλάτᾳ
