1572 2801
744 258 801 301 77

186 392 388 434 convenit:
423 393 515 432 alibi
551 393 664 431 aliter
694 398 849 445 poterat
883 395 1051 446 expleri,
1082 401 1122 434 at
1148 409 1368 450 numquam

182 456 378 499 vocabula
403 461 458 499 ita
483 461 741 499 decurtantur
768 466 811 498 ut
838 460 991 512 duplici
1018 461 1137 499 modo
1160 469 1268 502 recte
1297 477 1365 502 ex-

179 526 280 578 pleri
306 518 464 577 possint.
511 525 654 564 Verum
678 525 776 562 nihil
795 525 1098 577 intelligentibus
1120 529 1249 566 omnia
1273 536 1362 568 sunt

180 592 347 644 periculi
383 593 512 644 plena.
571 590 694 628 Paulo
732 598 822 627 ante
861 591 902 628 in
940 593 1090 643 optimo
1123 593 1223 630 libro
1255 601 1363 633 recte

181 660 371 710 scriptum
397 664 477 696 est:
506 658 598 697 εἶπεν
608 689 624 709 ,
652 660 705 696 ὅτι
728 658 790 698 τὴν
812 656 910 696 πόλιν
932 657 1049 696 αὐτῶν
1072 658 1249 699 οἰκεῖσθαι
1269 675 1361 712 συμ-

185 722 360 777 βέβηκεν,
386 724 434 768 ὡς
465 723 649 776 λέγουσιν,
681 722 896 778 Ἡρακλέους
923 726 980 762 ὅτε
1003 724 1068 769 τὰς
1096 722 1181 774 βοῦς
1208 724 1271 763 διὰ
1301 731 1363 772 τῆς

183 790 338 834 Ἰταλίας
362 790 508 831 ἤλαυνεν
538 790 604 830 ὑπὸ
628 790 787 830 Λακίνου
813 791 875 843 μὲν
907 790 1133 834 ἀδικηθέντος
1142 823 1157 841 ‚
1188 792 1363 846 Κρότωνα

184 855 228 896 δὲ
257 855 461 908 βοηθοῦντα
487 860 548 901 τῆς
574 855 695 901 νυκτὸς
735 856 836 910 παρὰ
873 856 935 898 τὴν
965 858 1108 909 ἄγνοιαν
1135 878 1189 885 -—-
1210 854 1365 912 διαφθεί-

182 936 308 977 ραντος
343 919 419 959 κτὲ.
464 920 658 958 Credasne
685 919 737 957 ad
767 920 874 957 hunc
902 919 1006 957 diem
1042 921 1126 958 edi:
1158 922 1364 977 Ἡρακλέα,

181 1000 324 1041 nempe
342 985 621 1038 compendium
646 984 819 1036 syllabae
839 998 897 1029 ους
905 1016 922 1036 ,
949 984 1059 1035 quod
1074 998 1213 1036 parum
1237 987 1366 1031 differt

182 1067 205 1092 a
227 1054 358 1106 figura
383 1053 516 1090 literae
541 1067 565 1089 α
591 1050 897 1108 suprascrip-tae,
932 1049 1029 1087 nihil
1055 1050 1183 1090 differt
1213 1053 1362 1093 Graece

180 1118 455 1157 nescientibus.
479 1116 550 1168 (cf.
565 1116 670 1154 Bast.
697 1113 846 1152 Comm.
863 1115 1065 1167 Palaeogr.
1091 1130 1133 1167 p.
1150 1119 1259 1171 777.)
1292 1120 1363 1158 Eo-

179 1199 267 1225 rum
289 1184 441 1223 inscitia
462 1196 543 1234 quo
566 1194 691 1233 usque
717 1181 835 1232 possit
855 1181 1037 1232 progredi
1057 1183 1227 1221 ostendit
1251 1186 1363 1236 quod

179 1251 323 1303 legitur
346 1250 387 1288 in
414 1248 434 1300 §
461 1247 527 1287 70.
548 1268 601 1276 --
623 1246 738 1302 φιλιάν
756 1267 808 1274 -
826 1246 1034 1301 ἀνθρώπων
1051 1246 1136 1301 πρὸς
1163 1247 1361 1303 ἀλλήλους,

182 1315 333 1356 πολιτῶν
368 1312 431 1366 μὲν
463 1311 526 1351 διὰ
552 1313 777 1365 νομιμότητος
807 1309 947 1363 ὑγιοῦς,
986 1310 1196 1368 ἑτεροφύλων
1222 1314 1263 1355 δὲ
1294 1316 1359 1357 διὰ

181 1382 402 1438 φυσιολογίας
428 1378 545 1433 ὀρθῆς.
589 1378 789 1429 Scriptum
819 1382 875 1454 coest
900 1377 940 1413 in
968 1377 1187 1431 archetypo
1220 1383 1360 1421 codice

815 1458 846 1482 τ,

177 1499 339 1536 solemni
372 1497 608 1549 compendio
634 1484 823 1547 διανομιμῖ
895 1496 1000 1533 unde
1042 1499 1192 1549 primus
1232 1500 1359 1537 editor

178 1564 359 1616 imperite
385 1562 494 1600 dedit
519 1559 769 1613 ὃιανομίμττο,
799 1571 872 1610 pro
900 1571 982 1609 quo
1005 1561 1142 1599 suadet
1172 1568 1211 1599 ut
1240 1562 1359 1604 διανε-

177 1631 297 1682 νόμετο
320 1627 492 1680 legatur!
532 1627 694 1664 Librarii
720 1625 858 1663 Graeci
887 1625 1052 1663 aliorum
1074 1627 1260 1667 codicum
1285 1645 1358 1682 pro

177 1708 246 1734 sua
274 1692 466 1747 sapientia
501 1692 678 1744 legerunt
709 1689 1004 1743 διανομιμότατα.
1047 1690 1219 1731 Tandem
1253 1696 1357 1734 Kus-

173 1768 278 1800 tetus
304 1773 350 1798 ex
381 1757 400 1810 ὃ
424 1756 503 1796 229
525 1757 771 1812 emendatam
794 1758 1001 1795 lectionem
1026 1759 1203 1797 restituit.
1243 1761 1356 1801 Locis

176 1832 308 1865 autem
343 1837 390 1862 ex
425 1823 502 1861 hac
527 1823 680 1861 inscitia
711 1824 905 1875 corruptis
932 1823 1064 1861 videas
1095 1826 1237 1865 multos
1274 1829 1355 1867 sine

173 1892 393 1944 suspicione
429 1890 483 1928 sic
515 1890 592 1935 uti,
624 1895 666 1927 ut
695 1902 799 1941 quae
825 1896 931 1928 certa
967 1891 1042 1929 sint
1075 1891 1287 1945 infringant
1317 1901 1355 1933 et

175 1963 315 1995 contra
352 1957 468 1994 etiam
498 1969 545 1993 ac
576 1956 733 2007 linguae
759 1957 859 1993 ratio
892 1962 930 1993 et
966 1963 1148 1994 constans
1182 1960 1354 2012 reliquo-

172 2037 261 2062 rum
299 2036 392 2061 usus
430 2022 631 2075 postulant
670 2021 879 2059 interdum
911 2036 938 2059 a
975 2022 1221 2074 quibusdam
1259 2028 1354 2078 poni

174 2091 357 2130 doceant.
401 2087 489 2125 Non
515 2087 631 2125 mirer
656 2087 840 2139 equidem
869 2087 897 2125 si
926 2099 970 2125 ex
999 2087 1218 2128 Iamblicho
1251 2104 1352 2142 quo-

171 2169 250 2208 que
278 2154 482 2194 ostendere
515 2153 605 2191 velit
630 2154 770 2205 aliquis
795 2154 957 2191 formam
985 2154 1044 2193 τὸν
1075 2154 1240 2196 Ἀπολλω
1270 2171 1351 2196 non

169 2221 307 2260 Atticis
340 2233 419 2259 esse
453 2219 654 2272 propriam
681 2220 803 2271 idque
830 2220 871 2258 in
903 2222 1020 2258 certis
1056 2222 1252 2269 formulis,
1281 2224 1349 2262 sed

170 2287 335 2326 eandem
358 2288 475 2325 etiam
490 2286 573 2324 aliis
597 2286 809 2338 placuisse,
836 2288 877 2325 in
893 2287 952 2325 his
979 2287 1216 2334 Iamblicho,
1240 2289 1351 2341 apud

167 2365 286 2406 quem
316 2352 536 2405 saepissime
564 2357 770 2398 occurrat,
801 2352 919 2389 veluti
955 2352 996 2390 in
1033 2353 1055 2402 §
1084 2353 1158 2398 52,
1187 2352 1253 2390 53.
1291 2353 1349 2394 τὸν
