1572 2801
695 307 782 352 127

153 448 252 481 otor.
293 440 366 478 Per
382 440 735 480 'omnes-Athenaei
758 441 876 480 libros
898 456 927 481 ει
946 448 983 480 et
1005 458 1017 482 ι
1039 442 1206 482 absurde
1229 454 1328 484 con-

152 503 264 546 fundi
286 507 421 545 solent.
464 506 511 544 Id
532 507 666 545 vitium
692 507 859 545 editores
882 507 1023 559 passim
1046 508 1324 554 emendarunt,

150 585 266 625 saepe
296 574 651 625 praeterviderunt.-
688 573 947 611 Cori-exerunt
980 573 1129 625 ubique
1159 575 1326 615 Ἐπικού-

149 654 243 694 ριος,
272 639 503 695 Ἀριςσὶρχιος
514 655 535 691 ,·
558 638 823 694 Ἀρις-οφοὲνιος,
852 638 1055 684 Ζηνοδότιος
1083 648 1120 679 et
1148 641 1223 679 alia
1249 641 1327 679 hu-

149 706 315 744 iusmodi
326 734 335 751 ‚
344 700 461 757 s=qu⁸ae
482 706 700 745 sexcenties·
713 711 939 743 recurrunt:
968 706 1321 757 praeterviderunt,

148 778 342 811 utvunum
369 769 528 810 fferam
560 771 609 809 de
633 767 782 818 multis,
814 770 1019 823 Μεγάλλιον
1049 771 1154 827 μύρον
1181 771 1231 808 ab
1262 771 1323 810 in-

146 837 311 879 ventore
345 838 510 891 Megallo
552 838 718 877 dictum.
755 852 808 890 pr
828 836 919 876 691.
959 851 994 876 a.
1036 844 1087 894 τῷ
1123 837 1322 893 Μεγαλλίῳ

147 906 247 961 μύρῳ
260 926 317 933 -
336 906 456 960 μύροις
466 903 705 955 >Mevaniam
727 904 818 955 σῶμ’
837 903 1041 959 ἀλείφεται,
1063 912 1101 942 et
1125 905 1217 942 alibi
1244 917 1325 942 sae-

141 979 208 1022 pe.
248 970 337 1008 Atlio
359 969 769 1021 corruptelaegenere
797 970 1022 1021 appellatur
1044 970 1122 1008 hoc
1145 982 1322 1022 unguen-

144 1042 229 1073 tum
251 1034 471 1075 Μετάλλειον
497 1035 601 1090 μύρον
624 1034 675 1072 ab
697 1035 908 1086 Hesychia,
938 1037 1008 1088 qui
1036 1036 1146 1074 addit
1170 1047 1321 1073 versum

142 1101 413 1152 Aristophanis
423 1115 433 1138 :
727 1154 730 1157 ,

139 1168 390 1221 Μεταπέμπου
405 1170 464 1206 νῦν
476 1170 591 1206 ταῦτα
604 1164 740 1217 σπουδῇ
753 1166 812 1205 καὶ
826 1167 951 1222 μύρον,
964 1169 1097 1223 εὕρημα
1110 1167 1318 1208 Μετάλλου.

140 1230 370 1286 legendum}
400 1231 620 1285 Μεγάλλειον
649 1239 686 1270 et
714 1232 927 1285 Μεγάλλου.
967 1232 1089 1271 Paulo
1114 1240 1203 1272 ante
1229 1235 1319 1286 legi·

141 1306 206 1338 tur
235 1300 344 1351 apud
370 1297 616 1337 Athenaeum
640 1312 682 1349 p.
705 1296 799 1335 690.
829 1297 868 1336 d.
906 1299 948 1337 in
972 1300 1190 1395 fragmento
1216 1299 1317 1337 Phe-

135 1367 315 1404 recratis:

401 1428 403 1431 ’
450 1428 639 1469 ‚causacum
664 1428 868 1482 ἐγχέασθαι
894 1435 961 1483 νῷν
978 1432 1091 1487 ιμύρου

385 1496 549 1551 βρένὲιον
559 1528 574 1547 ,
601 1495 656 1535 ἵυα
682 1498 752 1541 τοῖς
779 1497 882 1535 ἰοῦσιν
907 1496 1029 1551 ἐγχέῃ.

137 1560 269 1599 Codex
294 1560 488 1601 Venetus:
518 1562 688 1601 εἰσιοῦσιν.
730 1562 853 1613 Lege:

339 1644 342 1646 “
370 1628 566 1683 βρέυθειον)
592 1632 648 1667 ἵνα
676 1626 746 1672 τοῖς
764 1627 928 1666 Αεἰσιοῦσιν
952 1624 1076 1681 ἐγχέῃ.

137 1694 451 1746 Requiremusne
477 1694 518 1731 in
539 1693 600 1732 his
620 1692 828 1737 codicum,
858 1692 900 1729 id
923 1698 978 1729 est
1003 1692 1172 1731 sutilium
1195 1694 1314 1734 libra-

134 1761 302 1806 riorum,
336 1760 609 1798 auctoritatem
627 1771 740 1811 »quos
764 1771 959 1810 nusquam
984 1771 1065 1797 non
1087 1761 1253 1812 turpiter
1273 1775 1312 1801 se

133 1828 228 1866 dare
256 1827 451 1872 videmus,
481 1838 663 1878 quosque
690 1827 814 1863 omnis
838 1838 1014 1863 errorum
1040 1829 1190 1878 generis
1224 1842 1312 1868 ma-

131 1895 291 1933 nifestos
311 1892 515 1932 tenemus-'1¹
537 1894 692 1931 Frustra
718 1893 838 1945 igitur.
859 1893 983 1931 critici
1008 1893 1310 1945 appellabimur.

131 1959 181 1998 Hi
219 1960 331 1998 nobis
364 1959 535 1997 Socratis
569 1965 836 1997 accusatorem
872 1971 921 1996 ex
955 1958 1095 1996 Meleto
1132 1961 1311 2001 fecerunt

134 2027 288 2067 Μέλιτον
298 2058 313 2079 ,
341 2025 470 2064 oleu'm
489 2026 636 2078 (ἔλαιον)
660 2039 734 2079 pro
754 2025 1019 2064 misericordia
1040 2024 1189 2078 (ἔλεον),
1217 2041 1311 2079 pue-

131 2093 238 2133 rulos
266 2092 428 2146 (παιδιά)
454 2095 752 2145 nominantpro
779 2093 929 2145 campis
953 2091 1113 2144 (πεδία).
1147 2092 1308 2144 Opusne

129 2167 189 2199 est
213 2161 359 2213 valiquo
392 2159 550 2199 librario
575 2165 758 2204 auctore,
802 2164 845 2196 ut
876 2159 917 2196 in
954 2158 1115 2196 Luciani
1147 2159 1306 2198 Timone

126 2226 219 2278 §M
235 2224 313 2279 *pro
335 2226 525 2283 παιδότριψ
562 2225 860 2263 Dindorfi'anuin
879 2223 1051 2278 πεδότριψ
1073 2236 1207 2263 verum
1229 2238 1309 2264 esse

131 2290 367 2332 credamus?
393 2291 480 2331 Imo
502 2291 739 2331 veronostri
767 2296 822 2328 est
845 2289 994 2342 ubique
1015 2291 1151 2330 iudicii
1175 2304 1221 2330 ex
1243 2305 1306 2330 re-

126 2358 257 2409 liquiis
295 2360 450 2398 veteris
471 2359 647 2398 lectionis
677 2364 896 2410 ‘corruptae
924 2359 979 2397 'iis
1013 2359 1161 2405 modis,
1205 2372 1307 2411 quos

126 2425 251 2477 probe
266 2431 475 2476 tenerum,
518 2424 763 2467 emendatam
789 2425 1026 2478 scripturam
1061 2436 1220 2472 eruere,
1251 2425 1303 2464 ad
