1572 2801
729 313 815 359 155

182 456 289 497 arte,
317 461 422 503 quae
438 447 574 503 κλῖμαξ
594 447 758 496 dicitur,
785 449 843 487 sic
862 447 902 488 τό
925 447 1099 503 πλίγματι
1121 450 1362 504 κατακρατεῖν

183 517 391 555 dicebatur
419 516 732 555 καταπλίσσεσθαι.
775 515 822 552 In
846 521 1017 552 extremo
1038 515 1258 566 fragmento
1279 515 1363 552 Ari-

182 581 385 634 stophanis
415 581 547 620 adhuc
579 580 719 619 stolide
745 579 908 632 legitur:

690 646 777 700 οἴμ’,
803 643 833 685 ὦ
860 647 1112 702 Θρασύμαχε,

407 713 458 759 τίς
486 715 587 752 τοῦτο
615 717 686 753 τῶν
712 711 908 770 ξυνηγόρων
934 713 1113 770 γηρύεται.

183 790 275 816 nam
310 791 446 825 senex,
483 780 551 831 qui
585 779 710 817 filium
736 779 869 817 irridet
900 779 1027 817 verbis
1052 780 1161 817 novis
1193 785 1231 817 et
1258 780 1364 818 miris

183 850 378 891 utentem,
414 845 497 897 ipse
522 846 654 896 inepte
683 846 804 883 utitur
830 844 1120 897 dithyrambico
1147 845 1267 884 verbo
1296 862 1362 900 γη-

185 912 350 967 ρύεσθαι.
394 911 524 948 Facile
550 917 631 948 erat
659 923 707 948 ex
732 917 921 963 corrupta
945 912 1113 949 lectione
1141 913 1296 966 τερύεται
1326 921 1364 952 et

185 979 360 1033 τερεύεται
393 989 528 1015 eruere
563 977 798 1015 tritissimum
824 978 865 1015 in
901 979 978 1016 vita
1015 981 1212 1017 communi
1248 993 1364 1019 voca-

185 1044 323 1083 bulum
351 1043 583 1099 τερατεύεται.
627 1042 706 1081 Sed
735 1043 854 1082 redeo
885 1043 936 1082 ad
968 1056 1033 1083 eos
1059 1045 1185 1093 locos,
1222 1048 1367 1099 quibus

187 1110 452 1148 additamenta
472 1110 573 1147 male
594 1108 874 1147 adhaeserunt:
895 1116 950 1147 est
975 1117 1105 1148 autem
1128 1114 1367 1152 teterrimum

186 1176 433 1229 corruptelae
462 1189 604 1228 genuS‚
643 1175 710 1214 ubi
737 1176 832 1214 istae
858 1177 1129 1215 annotationes
1156 1186 1369 1231 postquam

186 1243 288 1280 male
319 1243 361 1280 in
387 1249 535 1280 textum
562 1243 800 1293 irrepserunt
829 1248 965 1293 postea
1001 1242 1050 1280 ab
1087 1244 1171 1281 aliis
1204 1245 1371 1284 librariis

188 1315 257 1347 aut
279 1309 364 1360 ipsa
388 1308 602 1361 depravata
628 1314 717 1346 sunt
750 1314 817 1346 aut
848 1321 894 1347 ea
921 1308 1039 1347 verba
1069 1309 1120 1346 ad
1146 1323 1250 1361 quae
1278 1325 1369 1363 per-

185 1374 374 1412 tinebant.
429 1375 571 1425 Itaque
606 1374 646 1411 in
685 1375 730 1411 iis
769 1374 917 1425 duplex
958 1380 1013 1411 est
1056 1374 1162 1411 fraus
1208 1388 1255 1413 ac
1296 1378 1367 1414 nisi

186 1446 394 1492 utramque
431 1440 602 1492 argueris
635 1439 731 1478 nihil
762 1440 896 1492 egeris.
951 1440 1139 1491 Exemplo
1172 1441 1218 1478 sit
1258 1442 1370 1483 locus

188 1507 324 1558 Lysiae
361 1507 402 1544 in
428 1511 527 1543 orat.
565 1506 661 1543 κατὰ
695 1506 904 1558 Διογείτονος
933 1519 971 1555 p.
1002 1505 1081 1544 473
1112 1505 1152 1542 B.
1186 1506 1250 1545 οὐκ
1278 1509 1369 1547 ἀνα·

188 1572 309 1618 λώσας
341 1573 444 1612 πέντε
471 1571 529 1610 καὶ
557 1572 661 1611 εἴκοσι
690 1578 779 1625 μνᾶς
807 1570 846 1610 ἐκ
876 1571 1166 1624 πεντακισχιλίων
1193 1571 1371 1628 δραχμῶν

190 1640 231 1679 τὸ
266 1638 330 1692 μὲν
366 1643 472 1691 ἥμισυ
513 1638 632 1678 αὐτῶν
665 1640 786 1681 τίθησι
819 1638 950 1682 τούτοις
984 1637 1208 1689 λελογίσθαι.
1249 1640 1290 1676 in
1325 1652 1371 1677 eo

189 1705 280 1743 loco
314 1704 457 1741 lacuna
489 1709 565 1750 est,
602 1710 645 1741 ut
677 1703 845 1742 ostendit
872 1716 932 1741 res
958 1704 1042 1755 ipsa
1067 1710 1104 1741 et
1138 1703 1177 1743 τὸ
1212 1706 1275 1757 μέν
1305 1705 1371 1743 cui

188 1771 286 1810 nihil
324 1770 556 1821 respondet:
602 1770 811 1822 legendum
852 1770 1039 1808 arbitror:
1084 1771 1123 1809 τὸ
1163 1771 1226 1824 μὲν
1264 1777 1370 1824 ἥμισυ

192 1838 290 1893 αὑτῷ
320 1838 465 1889 τίθησι,
497 1836 554 1889 (τό
585 1837 643 1889 δὲ)
678 1838 810 1883 τούτοις
836 1837 1025 1891 λελόγις-αι.
1056 1844 1172 1876 notus
1199 1845 1253 1877 est
1280 1853 1370 1878 usus

191 1905 299 1944 verbi
323 1906 456 1944 τιθέναι
479 1905 520 1943 in
544 1917 589 1943 ea
613 1917 666 1943 re.
705 1905 906 1957 Compone
929 1918 1036 1943 nunc
1058 1918 1149 1942 cum
1174 1904 1231 1943 his
1251 1907 1371 1945 alium

191 1971 321 2008 locum
348 1986 389 2023 p.
418 1970 508 2010 474.
547 1974 693 2027 φάσκων
722 1971 821 2010 δυοῖν
853 1970 1001 2017 δεούσας
1039 1975 1251 2014 πεντήκοντα
1282 1981 1373 2026 μναῖς

192 2058 248 2066 --
280 2035 534 2090 συμβαλέσθαι
573 2038 613 2077 τὸ
648 2042 754 2090 ἥμισυ
793 2038 922 2078 τούτων
962 2040 1032 2083 τοῖς
1075 2038 1233 2093 ὀρφανοῖς
1270 2036 1371 2080 οὖσι

193 2103 385 2156 λελόγιςαι.
416 2103 628 2141 absurdum
650 2110 705 2141 est
726 2104 766 2141 in
794 2103 851 2140 his
877 2104 1130 2154 participium
1157 2100 1245 2143 οὖσι.
1273 2107 1374 2157 quid

187 2171 340 2210 multa?
381 2171 518 2208 Latere
551 2171 592 2208 in
627 2183 674 2208 eo
713 2170 880 2208 arbitror
917 2170 1057 2221 τίθησι,
1086 2171 1150 2208 cui
1190 2173 1372 2224 apposita

190 2238 307 2276 fuerit
334 2237 622 2289 interpretatio:
651 2236 843 2290 λελόγιςαι.
897 2236 1014 2275 Plura
1046 2237 1086 2274 in
1121 2238 1260 2289 paucis
1284 2251 1371 2277 ver-

190 2303 296 2342 sibus
321 2305 569 2356 reperiuntur
593 2303 635 2341 in
661 2303 795 2342 fabula
827 2302 1022 2342 Babriana
1050 2315 1185 2342 recens
1215 2311 1371 2357 reperta

191 2368 308 2408 XCV.
335 2370 389 2408 59
414 2384 504 2423 sqq.

354 2435 488 2494 ἐλάφου
514 2437 557 2480 δὲ
584 2436 665 2496 φρὶξ
689 2436 816 2491 ἐπέσχε
844 2441 940 2478 νῶτα
969 2434 1028 2477 καὶ
1053 2439 1207 2490 κνήμας,
