1572 2801
723 195 750 241 8

158 333 430 390 cogitatorum
469 333 623 390 effigies
652 337 694 376 et
726 334 883 390 imago,
920 330 1188 388 intelligentia
1218 343 1337 388 peu-t

159 405 267 447 deat.
329 405 419 447 Non
451 412 513 447 est
547 411 683 448 autem
725 406 846 447 nimis
883 405 1051 447 difficile
1089 403 1323 460 aequalium

161 478 417 536 populorum
448 477 609 533 linguas
636 481 771 519 mente
797 482 839 520 et
868 477 1062 520 memoria
1087 475 1324 532 complecti:

164 567 259 594 nam
281 552 476 593 orationis
501 551 630 592 forma
649 549 805 591 stabilis
828 555 909 604 est,
931 550 983 593 de
999 564 1121 592 sensu
1141 550 1326 605 singulo-

162 638 257 665 rum
292 623 420 665 veluti
451 628 572 680 pacto
605 627 765 664 constat
800 623 904 664 inter
935 635 1087 664 omnes.
1126 621 1161 662 A
1184 621 1342 678 paucis-

165 695 262 738 inde
293 695 442 737 seculis
468 694 685 736 cultiorem
707 694 891 750 linguam
918 699 958 735 et
984 694 1223 751 scriptores,
1255 695 1343 750 qui.>

166 767 333 824 quidem
349 767 427 823 legi
446 772 677 822 merentur,
697 766 851 809 habent
867 766 927 808 illi
945 767 1110 823 populi,
1127 768 1199 823 qui
1215 781 1328 809 nunc

164 841 347 898 reliquos
387 841 430 882 in
465 838 564 882 orbe
595 844 797 882 terrarum
837 838 955 881 cultu
999 844 1040 882 et
1075 839 1331 883 humanitate

166 914 436 957 antecellunt.
497 913 630 966 Quam
669 913 827 955 diversa
866 919 927 955 est
958 915 1219 970 antiquarum
1249 914 1330 955 lin-

168 1001 345 1044 guarum
373 986 498 1026 ratio!
528 985 606 1026 Per
627 999 755 1026 annos
779 985 875 1041 plus
901 1001 1025 1042 quam
1055 986 1118 1028 bis
1140 988 1328 1030 millenos

168 1073 302 1102 sermo
348 1059 530 1100 Graecus
570 1058 681 1114 apud
718 1059 964 1101 cultissimas
998 1066 1139 1116 gentes
1174 1062 1216 1103 in
1252 1076 1331 1104 usu

165 1133 246 1174 fuit
291 1135 541 1186 secutusque
586 1135 675 1184 est,
724 1136 771 1172 ut
819 1132 955 1173 solent
993 1132 1208 1176 hominum
1252 1135 1332 1176 lin-

165 1219 298 1261 guae,
346 1204 478 1245 varios
519 1216 637 1244 casus
675 1208 716 1245 et
760 1204 1079 1259 vicissitudines,
1126 1222 1228 1263 quas
1269 1207 1332 1249 illi

166 1266 324 1335 experti
360 1282 476 1331 sunt,
521 1277 564 1318 in
596 1291 775 1333 quorum
808 1291 879 1319 ore
908 1282 949 1319 et
984 1278 1128 1320 animis
1160 1278 1332 1321 vivebat.

166 1353 282 1406 Quae
309 1350 520 1393 communi
556 1350 722 1391 nominc
754 1364 867 1391 nunc
898 1350 1053 1392 Graeca
1081 1351 1221 1407 lingua
1252 1367 1333 1409 ap·

167 1424 315 1480 pellari
351 1422 455 1464 solet
493 1427 534 1463 et
573 1427 790 1478 propterea
829 1437 851 1463 a
882 1422 1091 1479 plerisque
1131 1438 1208 1479 pro
1252 1438 1334 1465 una

170 1497 395 1553 eademque
416 1494 578 1549 haberi,
617 1496 739 1552 longa
766 1502 924 1538 constat
948 1497 1183 1553 linguarum
1210 1499 1331 1551 serie,

170 1585 249 1629 pro
291 1570 401 1611 varia
443 1573 574 1610 aetate
615 1574 656 1610 et
687 1570 817 1626 patria
847 1574 887 1611 et
905 1570 1077 1626 ,ingenio
1115 1584 1280 1624 eorum,
1312 1585 1336 1611 a

171 1644 326 1701 quibus
373 1643 677 1700 usurpabatur,
725 1644 1103 1687 diversissimarum.
1171 1646 1337 1699 Quanto

171 1718 363 1773 antiquae
399 1716 565 1771 stirpes,
597 1716 708 1758 unde
744 1717 889 1774 populi
920 1718 962 1759 in
997 1717 1125 1759 libera
1169 1719 1338 1761 Graecia

175 1789 253 1831 orti
282 1792 402 1842 sunt,
434 1788 572 1831 indole
610 1795 652 1832 et
688 1790 873 1832 moribus
903 1790 1212 1848 discrepabant,
1245 1798 1337 1833 tan-

174 1868 266 1904 tum
292 1867 354 1903 est
382 1862 424 1902 in
450 1863 631 1905 oratione
664 1863 896 1906 discrimen.
958 1865 1000 1907 Si
1036 1866 1129 1921 quis
1159 1863 1227 1922 (ut
1260 1864 1339 1906 hoc

176 1934 292 1993 utar)
324 1935 461 1978 Dorici
488 1937 685 1988 sermonis
714 1937 907 1994 reliquias
938 1938 988 1980 ad
1017 1939 1228 1995 antiquam
1255 1938 1342 1980 lin-

175 2021 301 2064 guam
335 2006 512 2048 Ionicam
556 2013 597 2049 et
630 2007 808 2051 Atticam
842 2017 1026 2067 spectare
1057 2011 1189 2062 volet,
1231 2011 1344 2067 apud

178 2081 301 2122 aliam
326 2080 531 2122 nationem
558 2095 599 2123 sc
622 2082 761 2124 credet
786 2097 894 2126 esse:
927 2084 1026 2127 adeo
1052 2092 1149 2127 sunt
1174 2084 1343 2126 dissimi-

113 2195 117 2199 ,
180 2154 234 2194 lia
265 2153 422 2194 omnia:
460 2154 670 2208 ingenium
702 2157 855 2211 gentis,
892 2157 1103 2213 instituta,
1136 2158 1342 2214 cogitandi

182 2227 312 2280 ratio,
359 2226 571 2281 materies,
620 2227 763 2270 forma.
826 2230 956 2273 Dores
987 2246 1129 2288 graves
1165 2246 1212 2274 ac
1252 2238 1343 2274 tar-

184 2298 250 2353 di,
297 2299 418 2357 patrii
462 2300 587 2342 moris
624 2303 893 2359 tenacissimi,
941 2304 1195 2363 reliquorum
1247 2303 1344 2349 om·-
