1572 2801
749 190 806 236 95

178 334 241 368 tor
259 324 430 367 debebat
450 324 581 365 dicere
600 331 639 365 et
658 325 768 365 dixit.
808 324 987 366 Βουλεύειν
1005 323 1083 381 ‘aspi
1102 324 1202 378 ἡμῶν
1222 335 1265 375 p.
1285 319 1364 361 188

180 392 302 446 (⁴60.
319 392 384 443 Β.)
407 393 506 443 quid
530 394 578 431 sit
601 393 854 432 Athenienses
877 392 1072 437 nesciunt,
1103 388 1283 449 quibus‘
1269 388 1359 444 νπὲρ

178 461 279 512 ἡμῶν
305 457 476 500 solemne
510 464 565 497 est
591 456 744 498 dicere.
777 456 916 509 Neque
943 458 1052 513 φέρων
1079 456 1213 513 εἰρήνην
1239 456 1356 496 tonab-

181 541 269 578 την,
295 523 336 569 ἣν
366 527 466 578 ἡμεῖς
492 528 583 581 ἔργῳ
614 527 778 579 μαθόντες
801 526 976 578 ἔγνωμεν
984 540 1024 576 p.
1057 524 1126 562 131
1154 523 1265 574 (316.
1289 522 1354 573 Β.)

177 590 246 631 sed
278 594 353 631 οἷαν
386 590 596 637 dicebant,
630 594 761 644 neque
790 589 1008 644 ἐνειμάσθην
1033 587 1077 628 δὲ
1103 589 1155 628 τὼ
1182 588 1249 628 υἱέε
1273 586 1357 628 οὐδὲ

128 650 130 652 V
179 658 269 699 δέκα
301 658 466 698 τάλαντα
500 655 654 713 ἑκατέρῳ
685 657 917 702 ἀποθανόντος
954 671 994 708 p.
1033 656 1107 695 156
1143 654 1252 706 (381.
1286 653 1353 706 Β.)

178 723 246 764 sed
269 723 461 779 ἑκάτερος,
487 734 562 760 nec
590 722 758 778 Στεφάνῳ
784 721 826 762 δὲ
854 727 905 776 τῷ
934 721 1081 762 &aueo
1109 719 1246 773 ἐλέγετο
1273 719 1357 758 εἶναι

179 789 284 832 πλέον
308 789 332 832 ἢ
359 791 574 830 πεντήκοντα
597 788 783 828 ταλάντων
802 786 900 825 ibid.
928 786 998 825 sed
1019 787 1199 827 τάλοιντα.
1237 785 1361 825 Num-

174 869 296 908 quam
325 856 414 908 quis
438 852 478 900 ἐξ
506 854 624 894 αὐτῶν
649 853 699 894 ὧν
728 852 854 899 ἐκεῖνος
882 855 1053 908 ἔπραττεν
1072 854 1115 891 in
1141 853 1272 891 Attica
1295 852 1356 890 di-

172 921 287 960 xisset
318 932 393 973 pro
423 918 464 967 ἐξ
500 917 549 959 ὧν
581 935 622 972 Ρ.
652 919 727 974 154
765 918 875 971 (374.
910 918 976 968 Β.)
1011 931 1142 971 neque
1176 916 1355 976 Διόδωρος

175 984 276 1034 οὗτος
301 988 509 1042 ἀποτρέπειν
535 986 698 1042 ἐπειρᾶτο
720 1000 763 1038 Ρ.
788 986 867 1023 113
894 984 1003 1037 (272.
1028 985 1093 1035 Β.)
1117 998 1192 1038 pro
1214 985 1351 1040 οὑτοσί,

173 1052 287 1106 quod
302 1052 439 1092 vitium
460 1052 502 1093 in
520 1052 659 1090 nostris
681 1050 789 1089 libris
808 1049 1161 1101 frequentissimum
1185 1058 1258 1099 est,
1284 1053 1354 1092 ubi

172 1131 298 1157 sermo
319 1124 376 1157 est
401 1119 452 1157 de
476 1131 544 1164 eo,
574 1118 695 1169 quem
716 1122 852 1154 orator
872 1116 998 1153 oculis
1018 1117 1079 1155 vel
1103 1117 1227 1170 digito
1249 1120 1352 1158 desi-

172 1191 289 1237 gnat,
317 1185 360 1223 in
387 1195 469 1236 qua
501 1197 543 1222 re
576 1182 765 1221 articulus
796 1180 988 1219 omittitur
1022 1187 1060 1219 et
1093 1186 1356 1225 necessarium

172 1244 229 1288 est
254 1248 393 1300 οὑτοσί,
420 1249 532 1300 quod
556 1248 776 1286 librarii'ut
802 1246 1015 1284 sexcenties
1041 1255 1266 1296 servarunt,
1294 1251 1351 1289 sic

170 1314 415 1367 saepiuscule
446 1315 549 1352 male
581 1314 822 1353 abiecerunt.
864 1312 1086 1350 Facillimus
1121 1326 1230 1351 error
1267 1321 1351 1353 erat

170 1382 212 1418 in
226 1380 293 1418 *his
318 1379 431 1417 locis:
459 1394 502 1431 p.
531 1377 607 1419 134
631 1374 748 1430 (326
766 1377 831 1427 Β.)
856 1374 937 1423 ἐξῆν
964 1373 1152 1434 Ἀγοράτῳ
1174 1380 1286 1434 τούτῳ
1310 1385 1350 1418 et

171 1460 213 1498 p.
233 1446 317 1483 *133
345 1444 453 1496 (323.
483 1444 549 1496 Β.)
576 1443 795 1489 ἐπέσκηπτεν
820 1441 897 1496 ἐμοὶ
922 1443 982 1483 καὶ
1011 1445 1178 1498 Διονυσίῳ
1207 1446 1348 1499 τούτῳ,

173 1511 242 1550 ubi
268 1511 460 1551 ΤΟΥΤΩΙ
485 1511 695 1563 legendum
721 1516 805 1549 erat
830 1511 984 1563 τουτωῒ,
1011 1512 1081 1550 sed
1115 1511 1208 1550 alibi
1233 1513 1351 1552 etiam

171 1575 310 1618 eodem
335 1574 454 1612 modo
481 1581 694 1627 peccatur,
725 1570 844 1615 veluti
871 1576 1019 1626 Ρ.’133
1043 1577 1151 1627 (32³.
1176 1578 1240 1629 B.)
1270 1578 1349 1634 περὶ

172 1640 372 1696 Ἀγοράτου
407 1642 531 1681 τούτου
559 1639 679 1693 ἔλεγεν
701 1642 753 1680 ὅτι
783 1641 889 1687 αἴτιος
917 1639 958 1685 ἦν
983 1639 1045 1683 τοῦ
1065 1644 1243 1684 θανάτου.
1272 1658 1347 1697 pro

171 1707 313 1747 τουτουῒ
338 1708 458 1761 ἔλεγεν
485 1711 538 1746 ὅτι
566 1709 674 1750 αἴτιος
705 1707 804 1761 αὐτῷ
829 1708 906 1748 mk.
935 1715 973 1746 et
1001 1723 1042 1760 Ρ.
1066 1709 1119 1746 96
1146 1709 1253 1761 (227.
1282 1711 1348 1760 Β.)

169 1772 337 1828 ἐμποδὼν
361 1772 436 1828 ἐμοὶ
460 1774 641 1829 γεγένηται
662 1771 781 1825 Σίμων
801 1770 903 1820 οὗτος
925 1786 999 1827 pro
1021 1772 1143 1814 οὑτοσί
1159 1780 1197 1813 et
1219 1776 1350 1815 multis

167 1841 253 1880 aliis
290 1841 401 1878 locis.
455 1839 600 1877 Contra
638 1837 759 1877 οὑτοσί
791 1852 1093 1890 nonnumquam
1130 1843 1262 1893 inepte
1302 1843 1353 1881 de

168 1905 338 1947 absente
359 1906 554 1953 occurrit,
586 1911 630 1944 ut
657 1919 698 1958 p.
727 1905 802 1947 135
831 1898 940 1959 (326.
962 1904 1029 1958 B.)
1057 1905 1171 1947 οὑτοσὶ
1192 1903 1248 1949 οὖν
1274 1922 1349 1963 pro

168 1968 281 2017 οὗτος.
324 1972 426 2011 Leve
448 1971 643 2011 videbitur
665 1973 824 2019 vitium,
854 1973 965 2024 quod
987 1973 1129 2012 resedit
1151 1976 1192 2013 in
1213 1991 1255 2028 p.
1276 1977 1350 2016 134

166 2037 279 2089 (326.
311 2037 376 2091 Β.)
419 2038 448 2079 εἷ
479 2037 613 2085 ἐκείνοις
641 2037 787 2079 ἐπείθου
827 2039 886 2079 καὶ
916 2039 1096 2085 ἠθέλησας
1129 2048 1165 2080 et
1197 2057 1241 2096 p.
1273 2043 1342 2082 151

171 2104 282 2156 (869.
312 2105 378 2156 Β.)
410 2107 454 2145 ἂν
483 2106 521 2146 δ’
547 2106 622 2160 ἐμοὶ
656 2108 837 2153 πείθησθε
866 2108 929 2147 οὐκ
957 2107 1101 2148 ἐλάττω
1133 2109 1198 2150 ἀπ’
1231 2111 1346 2150 αὐτῶν

166 2170 266 2224 ὑμεῖς
288 2171 564 2228 ὠφεληθήσεσθε
593 2171 747 2224 (melius
773 2172 902 2210 Attice
922 2172 1157 2229 ὠφελήσεσθε)
1169 2208 1185 2228 ,
1218 2182 1347 2214 tamen

165 2252 253 2278 non·
273 2240 409 2278 leviter
431 2255 477 2280 eo
503 2246 696 2294 peccatur
724 2242 765 2279 in
790 2242 981 2293 loquendi
1007 2257 1140 2288 usum,
1171 2254 1252 2293 quo
1282 2255 1345 2280 re-

165 2294 483 2358 quiritur's'm'flov
514 2312 552 2345 et
585 2306 742 2349 πίθησθε.
797 2306 923 2345 Tanta
962 2313 1017 2346 est
1049 2308 1090 2345 in
1123 2306 1183 2344 his
1212 2306 1348 2345 formis
