<?xml version="1.0" encoding="UTF-8"?>
<!DOCTYPE html PUBLIC "-//W3C//DTD XHTML 1.0 Transitional//EN"
    "http://www.w3.org/TR/xhtml1/DTD/xhtml1-transitional.dtd">
<html xmlns="http://www.w3.org/1999/xhtml" xml:lang="en" lang="en">
 <head>
  <title>
</title>
<meta http-equiv="Content-Type" content="text/html;charset=utf-8" />
  <meta name='ocr-system' content='tesseract 3.04.00' />
  <meta name='ocr-capabilities' content='ocr_page ocr_carea ocr_par ocr_line ocrx_word'/>
</head>
<body>
  <div class='ocr_page' id='page_1' title='image "4738083_0107.png"; bbox 0 0 1572 2801; ppageno 0'>
   <div class='ocr_carea' id='block_1_1' title="bbox 751 236 808 279">
    <p class='ocr_par' dir='ltr' id='par_1_1' title="bbox 751 236 808 279">
     <span class='ocr_line' id='line_1_1' title="bbox 751 236 808 279; baseline 0 0"><span class='ocrx_word' id='word_1_1' title='bbox 751 236 808 279; x_wconf 86' lang='lat'><strong>95</strong></span> 
     </span>
    </p>
   </div>
   <div class='ocr_carea' id='block_1_2' title="bbox 188 367 1375 2401">
    <p class='ocr_par' dir='ltr' id='par_1_2' title="bbox 188 367 1375 2401">
     <span class='ocr_line' id='line_1_2' title="bbox 189 367 1371 425; baseline 0 -15"><span class='ocrx_word' id='word_1_2' title='bbox 189 371 349 410; x_wconf 75' lang='lat' dir='ltr'><strong>codices</strong></span> <span class='ocrx_word' id='word_1_3' title='bbox 375 370 489 409; x_wconf 82' lang='lat' dir='ltr'><strong>unice</strong></span> <span class='ocrx_word' id='word_1_4' title='bbox 517 368 728 422; x_wconf 73' lang='lat' dir='ltr'><strong>probatam</strong></span> <span class='ocrx_word' id='word_1_5' title='bbox 754 367 948 406; x_wconf 81' lang='lat' dir='ltr'><strong>veteribus</strong></span> <span class='ocrx_word' id='word_1_6' title='bbox 972 369 1139 408; x_wconf 69' lang='lat' dir='ltr'><strong>formam</strong></span> <span class='ocrx_word' id='word_1_7' title='bbox 1165 372 1371 425; x_wconf 61' lang='grc' dir='ltr'><strong><em>ποθήσομαι</em></strong></span> 
     </span>
     <span class='ocr_line' id='line_1_3' title="bbox 191 433 1366 490; baseline 0 -17"><span class='ocrx_word' id='word_1_8' title='bbox 191 436 406 484; x_wconf 70' lang='lat' dir='ltr'><strong>dedissent,</strong></span> <span class='ocrx_word' id='word_1_9' title='bbox 436 447 566 487; x_wconf 80' lang='lat' dir='ltr'><strong>neque</strong></span> <span class='ocrx_word' id='word_1_10' title='bbox 596 433 750 486; x_wconf 78' lang='grc' dir='ltr'>ἡσυχίαν</span> <span class='ocrx_word' id='word_1_11' title='bbox 778 456 833 462; x_wconf 90' lang='grc'>-</span> <span class='ocrx_word' id='word_1_12' title='bbox 860 433 947 480; x_wconf 82' lang='grc' dir='ltr'><em>ἕξειν</em></span> <span class='ocrx_word' id='word_1_13' title='bbox 982 448 1022 485; x_wconf 90' lang='lat' dir='ltr'><strong>p.</strong></span> <span class='ocrx_word' id='word_1_14' title='bbox 1057 434 1131 472; x_wconf 85' lang='lat'><strong>180</strong></span> <span class='ocrx_word' id='word_1_15' title='bbox 1163 437 1274 487; x_wconf 78' lang='lat'><strong>(441.</strong></span> <span class='ocrx_word' id='word_1_16' title='bbox 1301 438 1366 490; x_wconf 88' lang='lat' dir='ltr'><strong>B.)</strong></span> 
     </span>
     <span class='ocr_line' id='line_1_4' title="bbox 191 498 1373 555; baseline -0.001 -13"><span class='ocrx_word' id='word_1_17' title='bbox 191 515 266 555; x_wconf 87' lang='lat' dir='ltr'><strong>pro</strong></span> <span class='ocrx_word' id='word_1_18' title='bbox 291 501 399 550; x_wconf 83' lang='grc' dir='ltr'><strong><em>ἄξειν.</em></strong></span> <span class='ocrx_word' id='word_1_19' title='bbox 445 500 591 539; x_wconf 85' lang='lat' dir='ltr'><strong>Eadem</strong></span> <span class='ocrx_word' id='word_1_20' title='bbox 619 511 740 551; x_wconf 88' lang='lat' dir='ltr'><strong>opera</strong></span> <span class='ocrx_word' id='word_1_21' title='bbox 769 498 912 543; x_wconf 47' lang='lat' dir='ltr'><strong>tollere,</strong></span> <span class='ocrx_word' id='word_1_22' title='bbox 931 499 1075 549; x_wconf 79' lang='lat' dir='ltr'><strong>poteris</strong></span> <span class='ocrx_word' id='word_1_23' title='bbox 1109 505 1263 552; x_wconf 81' lang='lat' dir='ltr'><strong>turpem</strong></span> <span class='ocrx_word' id='word_1_24' title='bbox 1289 516 1373 541; x_wconf 88' lang='lat' dir='ltr'><strong>ma-</strong></span> 
     </span>
     <span class='ocr_line' id='line_1_5' title="bbox 192 562 1368 620; baseline 0.001 -14"><span class='ocrx_word' id='word_1_25' title='bbox 192 569 323 606; x_wconf 83' lang='lat' dir='ltr'><strong>culam</strong></span> <span class='ocrx_word' id='word_1_26' title='bbox 348 581 377 606; x_wconf 45' lang='lat' dir='ltr'><strong>e&gt;</strong></span> <span class='ocrx_word' id='word_1_27' title='bbox 397 580 438 620; x_wconf 81' lang='lat' dir='ltr'><strong>p·-</strong></span> <span class='ocrx_word' id='word_1_28' title='bbox 470 566 545 604; x_wconf 88' lang='grc'><strong>132</strong></span> <span class='ocrx_word' id='word_1_29' title='bbox 573 564 683 617; x_wconf 73' lang='grc'><strong>(319.</strong></span> <span class='ocrx_word' id='word_1_30' title='bbox 716 562 779 613; x_wconf 88' lang='grc' dir='ltr'><strong>Β.)</strong></span> <span class='ocrx_word' id='word_1_31' title='bbox 811 562 1013 616; x_wconf 79' lang='grc' dir='ltr'>ὡμολόγουν</span> <span class='ocrx_word' id='word_1_32' title='bbox 1042 564 1204 619; x_wconf 79' lang='grc' dir='ltr'><em>παρέξειν</em></span> <span class='ocrx_word' id='word_1_33' title='bbox 1232 568 1277 612; x_wconf 88' lang='grc' dir='ltr'><strong>εἰς</strong></span> <span class='ocrx_word' id='word_1_34' title='bbox 1306 570 1368 611; x_wconf 77' lang='grc' dir='ltr'><strong>τὴν</strong></span> 
     </span>
     <span class='ocr_line' id='line_1_6' title="bbox 194 624 1369 686; baseline 0.003 -16"><span class='ocrx_word' id='word_1_35' title='bbox 194 633 346 686; x_wconf 70' lang='grc' dir='ltr'><strong>βουλήν,</strong></span> <span class='ocrx_word' id='word_1_36' title='bbox 383 634 464 671; x_wconf 89' lang='lat' dir='ltr'><strong>imo</strong></span> <span class='ocrx_word' id='word_1_37' title='bbox 490 624 583 669; x_wconf 79' lang='lat' dir='ltr'><strong>vero</strong></span> <span class='ocrx_word' id='word_1_38' title='bbox 609 626 798 684; x_wconf 80' lang='grc' dir='ltr'><strong><em>παράξειν.</em></strong></span> <span class='ocrx_word' id='word_1_39' title='bbox 842 628 1006 680; x_wconf 80' lang='lat' dir='ltr'>Saepius</span> <span class='ocrx_word' id='word_1_40' title='bbox 1031 634 1209 685; x_wconf 75' lang='grc' dir='ltr'><strong><em>παράγειν</em></strong></span> <span class='ocrx_word' id='word_1_41' title='bbox 1235 634 1282 680; x_wconf 87' lang='grc' dir='ltr'><strong>εἷς</strong></span> <span class='ocrx_word' id='word_1_42' title='bbox 1311 635 1369 673; x_wconf 84' lang='grc' dir='ltr'><strong>τὸν</strong></span> 
     </span>
     <span class='ocr_line' id='line_1_7' title="bbox 190 694 1372 753; baseline 0.002 -17"><span class='ocrx_word' id='word_1_43' title='bbox 190 699 308 753; x_wconf 75' lang='grc' dir='ltr'><strong><em>δῆμον</em></strong></span> <span class='ocrx_word' id='word_1_44' title='bbox 326 705 364 737; x_wconf 80' lang='lat' dir='ltr'><strong>et</strong></span> <span class='ocrx_word' id='word_1_45' title='bbox 379 696 515 735; x_wconf 78' lang='lat' dir='ltr'>similia</span> <span class='ocrx_word' id='word_1_46' title='bbox 539 694 650 746; x_wconf 85' lang='lat' dir='ltr'><strong>apud</strong></span> <span class='ocrx_word' id='word_1_47' title='bbox 670 695 1072 745; x_wconf 60' lang='lat' dir='ltr'><strong>Lysiamn&#39;ccurrunt,</strong></span> <span class='ocrx_word' id='word_1_48' title='bbox 1098 699 1215 735; x_wconf 80' lang='lat' dir='ltr'><strong>etiam</strong></span> <span class='ocrx_word' id='word_1_49' title='bbox 1233 699 1274 736; x_wconf 89' lang='lat' dir='ltr'><strong>in</strong></span> <span class='ocrx_word' id='word_1_50' title='bbox 1295 699 1372 738; x_wconf 90' lang='lat' dir='ltr'><strong>hac</strong></span> 
     </span>
     <span class='ocr_line' id='line_1_8' title="bbox 188 761 1374 820; baseline -0.004 -14"><span class='ocrx_word' id='word_1_51' title='bbox 188 764 273 820; x_wconf 77' lang='lat' dir='ltr'><strong>ipsa</strong></span> <span class='ocrx_word' id='word_1_52' title='bbox 296 766 473 804; x_wconf 82' lang='lat' dir='ltr'><strong>oratione</strong></span> <span class='ocrx_word' id='word_1_53' title='bbox 497 762 645 814; x_wconf 57' lang='lat' dir='ltr'><strong>pa12-132</strong></span> <span class='ocrx_word' id='word_1_54' title='bbox 669 761 778 813; x_wconf 84' lang='grc'><strong>(321.</strong></span> <span class='ocrx_word' id='word_1_55' title='bbox 804 761 882 810; x_wconf 90' lang='grc' dir='ltr'><strong>Β.).</strong></span> <span class='ocrx_word' id='word_1_56' title='bbox 900 777 903 779; x_wconf 73' lang='grc'><strong><em>’</em></strong></span> <span class='ocrx_word' id='word_1_57' title='bbox 924 762 1134 800; x_wconf 83' lang='lat' dir='ltr'><strong>Soloecum</strong></span> <span class='ocrx_word' id='word_1_58' title='bbox 1156 769 1213 800; x_wconf 82' lang='lat' dir='ltr'><strong>est</strong></span> <span class='ocrx_word' id='word_1_59' title='bbox 1235 778 1276 814; x_wconf 88' lang='lat' dir='ltr'><strong>p.</strong></span> <span class='ocrx_word' id='word_1_60' title='bbox 1298 763 1374 802; x_wconf 90' lang='lat'><strong>160</strong></span> 
     </span>
     <span class='ocr_line' id='line_1_9' title="bbox 195 830 1368 888; baseline 0.002 -17"><span class='ocrx_word' id='word_1_61' title='bbox 195 831 303 884; x_wconf 63' lang='lat' dir='ltr'><strong>(affl).</strong></span> <span class='ocrx_word' id='word_1_62' title='bbox 324 830 398 883; x_wconf 85' lang='grc' dir='ltr'><strong>Β.)</strong></span> <span class='ocrx_word' id='word_1_63' title='bbox 430 832 460 871; x_wconf 87' lang='grc' dir='ltr'><strong>εἷ</strong></span> <span class='ocrx_word' id='word_1_64' title='bbox 485 831 626 877; x_wconf 80' lang='grc' dir='ltr'><strong>τούτους</strong></span> <span class='ocrx_word' id='word_1_65' title='bbox 652 830 716 883; x_wconf 84' lang='grc' dir='ltr'><strong>μὲν</strong></span> <span class='ocrx_word' id='word_1_66' title='bbox 745 831 886 886; x_wconf 81' lang='grc' dir='ltr'><strong><em>ἀφῆτε,</em></strong></span> <span class='ocrx_word' id='word_1_67' title='bbox 913 833 997 884; x_wconf 81' lang='grc' dir='ltr'><strong><em>ἡμῖν</em></strong></span> <span class='ocrx_word' id='word_1_68' title='bbox 1025 831 1063 870; x_wconf 81' lang='grc' dir='ltr'><strong>δ’</strong></span> <span class='ocrx_word' id='word_1_69' title='bbox 1095 832 1134 872; x_wconf 81' lang='grc' dir='ltr'><strong>οὐ</strong></span> <span class='ocrx_word' id='word_1_70' title='bbox 1166 834 1368 888; x_wconf 66' lang='grc' dir='ltr'><strong><em>χαριεῖσθε.</em></strong></span> 
     </span>
     <span class='ocr_line' id='line_1_10' title="bbox 191 896 1375 953; baseline 0.002 -17"><span class='ocrx_word' id='word_1_71' title='bbox 191 897 429 951; x_wconf 84' lang='lat' dir='ltr'><strong>quantillum</strong></span> <span class='ocrx_word' id='word_1_72' title='bbox 451 903 536 934; x_wconf 84' lang='lat' dir='ltr'><strong>erat</strong></span> <span class='ocrx_word' id='word_1_73' title='bbox 563 907 753 948; x_wconf 80' lang='lat' dir='ltr'>reponere</span> <span class='ocrx_word' id='word_1_74' title='bbox 778 908 910 934; x_wconf 81' lang='lat' dir='ltr'><strong>veram</strong></span> <span class='ocrx_word' id='word_1_75' title='bbox 933 896 1097 934; x_wconf 82' lang='lat' dir='ltr'><strong>formam</strong></span> <span class='ocrx_word' id='word_1_76' title='bbox 1120 898 1256 953; x_wconf 83' lang='grc' dir='ltr'><strong><em>ἀφεῖτε.</em></strong></span> <span class='ocrx_word' id='word_1_77' title='bbox 1286 899 1375 937; x_wconf 89' lang='lat' dir='ltr'><strong>Cre·</strong></span> 
     </span>
     <span class='ocr_line' id='line_1_11' title="bbox 190 961 1374 1015; baseline 0.001 -14"><span class='ocrx_word' id='word_1_78' title='bbox 190 964 379 1001; x_wconf 83' lang='lat' dir='ltr'><strong>damusne</strong></span> <span class='ocrx_word' id='word_1_79' title='bbox 407 963 458 1001; x_wconf 86' lang='lat' dir='ltr'><strong>ab</strong></span> <span class='ocrx_word' id='word_1_80' title='bbox 487 963 618 1000; x_wconf 81' lang='lat' dir='ltr'><strong>Attico</strong></span> <span class='ocrx_word' id='word_1_81' title='bbox 655 961 773 1000; x_wconf 81' lang='lat' dir='ltr'><strong>scribi</strong></span> <span class='ocrx_word' id='word_1_82' title='bbox 798 961 970 1013; x_wconf 81' lang='lat' dir='ltr'><strong>potuisse</strong></span> <span class='ocrx_word' id='word_1_83' title='bbox 995 976 1036 1013; x_wconf 89' lang='lat' dir='ltr'><strong>p.</strong></span> <span class='ocrx_word' id='word_1_84' title='bbox 1068 962 1144 1000; x_wconf 79' lang='lat'><strong>149</strong></span> <span class='ocrx_word' id='word_1_85' title='bbox 1171 963 1280 1015; x_wconf 82' lang='lat'>(362.</span> <span class='ocrx_word' id='word_1_86' title='bbox 1302 964 1374 1013; x_wconf 84' lang='lat' dir='ltr'><strong>B.)</strong></span> 
     </span>
     <span class='ocr_line' id='line_1_12' title="bbox 193 1026 1371 1083; baseline 0.001 -14"><span class='ocrx_word' id='word_1_87' title='bbox 193 1033 340 1069; x_wconf 86' lang='grc' dir='ltr'><strong><em>ἅπαντα</em></strong></span> <span class='ocrx_word' id='word_1_88' title='bbox 368 1029 518 1074; x_wconf 87' lang='grc' dir='ltr'><strong><em>πλείονος</em></strong></span> <span class='ocrx_word' id='word_1_89' title='bbox 549 1029 571 1071; x_wconf 81' lang='grc' dir='ltr'>ἢ</span> <span class='ocrx_word' id='word_1_90' title='bbox 607 1027 784 1067; x_wconf 76' lang='grc' dir='ltr'><strong><em>ταλάντου</em></strong></span> <span class='ocrx_word' id='word_1_91' title='bbox 819 1026 1018 1079; x_wconf 81' lang='grc' dir='ltr'><strong><em>τετίμηνται</em></strong></span> <span class='ocrx_word' id='word_1_92' title='bbox 1055 1041 1128 1079; x_wconf 88' lang='lat' dir='ltr'><strong>pro</strong></span> <span class='ocrx_word' id='word_1_93' title='bbox 1165 1030 1371 1083; x_wconf 70' lang='grc' dir='ltr'><strong><em>τετίμηται,</em></strong></span> 
     </span>
     <span class='ocr_line' id='line_1_13' title="bbox 195 1091 1372 1150; baseline 0 -16"><span class='ocrx_word' id='word_1_94' title='bbox 195 1102 263 1135; x_wconf 85' lang='lat' dir='ltr'><strong>aut</strong></span> <span class='ocrx_word' id='word_1_95' title='bbox 294 1095 425 1136; x_wconf 85' lang='grc' dir='ltr'><strong><em>ἔπιπλα</em></strong></span> <span class='ocrx_word' id='word_1_96' title='bbox 452 1094 488 1134; x_wconf 79' lang='grc' dir='ltr'><strong>δ’</strong></span> <span class='ocrx_word' id='word_1_97' title='bbox 519 1095 749 1150; x_wconf 83' lang='grc' dir='ltr'><strong><em>ἀπεφαίνοντο</em></strong></span> <span class='ocrx_word' id='word_1_98' title='bbox 777 1106 818 1144; x_wconf 91' lang='lat' dir='ltr'><strong>p.</strong></span> <span class='ocrx_word' id='word_1_99' title='bbox 849 1091 925 1129; x_wconf 78' lang='grc'><strong>154</strong></span> <span class='ocrx_word' id='word_1_100' title='bbox 953 1091 1061 1143; x_wconf 86' lang='grc'><strong>(378.</strong></span> <span class='ocrx_word' id='word_1_101' title='bbox 1086 1093 1151 1143; x_wconf 93' lang='grc' dir='ltr'><strong>Β.)</strong></span> <span class='ocrx_word' id='word_1_102' title='bbox 1177 1107 1251 1146; x_wconf 85' lang='lat' dir='ltr'><strong>pro</strong></span> <span class='ocrx_word' id='word_1_103' title='bbox 1281 1097 1372 1134; x_wconf 83' lang='grc' dir='ltr'><strong><em>ἀπε-</em></strong></span> 
     </span>
     <span class='ocr_line' id='line_1_14' title="bbox 192 1157 1374 1218; baseline -0.008 -16"><span class='ocrx_word' id='word_1_104' title='bbox 192 1163 344 1218; x_wconf 83' lang='grc' dir='ltr'><strong><em>φαίνετο.</em></strong></span> <span class='ocrx_word' id='word_1_105' title='bbox 388 1162 529 1214; x_wconf 87' lang='lat' dir='ltr'><strong>Aequo</strong></span> <span class='ocrx_word' id='word_1_106' title='bbox 557 1161 688 1199; x_wconf 86' lang='lat' dir='ltr'><strong>animo</strong></span> <span class='ocrx_word' id='word_1_107' title='bbox 715 1158 805 1196; x_wconf 86' lang='lat' dir='ltr'><strong>tulit</strong></span> <span class='ocrx_word' id='word_1_108' title='bbox 831 1157 931 1195; x_wconf 86' lang='lat' dir='ltr'><strong>haec</strong></span> <span class='ocrx_word' id='word_1_109' title='bbox 956 1157 1179 1203; x_wconf 80' lang='lat' dir='ltr'><strong>Bekkems,</strong></span> <span class='ocrx_word' id='word_1_110' title='bbox 1210 1161 1282 1212; x_wconf 89' lang='lat' dir='ltr'><strong>qui</strong></span> <span class='ocrx_word' id='word_1_111' title='bbox 1311 1168 1374 1200; x_wconf 67' lang='lat' dir='ltr'><strong>ta-</strong></span> 
     </span>
     <span class='ocr_line' id='line_1_15' title="bbox 191 1223 1374 1278; baseline -0.002 -13"><span class='ocrx_word' id='word_1_112' title='bbox 191 1240 281 1266; x_wconf 87' lang='lat' dir='ltr'><strong>men</strong></span> <span class='ocrx_word' id='word_1_113' title='bbox 308 1234 414 1265; x_wconf 85' lang='lat' dir='ltr'><strong>recte</strong></span> <span class='ocrx_word' id='word_1_114' title='bbox 440 1227 715 1265; x_wconf 81' lang='lat' dir='ltr'><strong>emendaverat</strong></span> <span class='ocrx_word' id='word_1_115' title='bbox 738 1225 786 1264; x_wconf 80' lang='grc' dir='ltr'><strong>τὰ</strong></span> <span class='ocrx_word' id='word_1_116' title='bbox 812 1223 913 1276; x_wconf 80' lang='grc' dir='ltr'><strong><em>τείχη</em></strong></span> <span class='ocrx_word' id='word_1_117' title='bbox 935 1226 1145 1278; x_wconf 75' lang='grc' dir='ltr'><strong><em>κατεσκάφη</em></strong></span> <span class='ocrx_word' id='word_1_118' title='bbox 1175 1238 1250 1276; x_wconf 91' lang='lat' dir='ltr'><strong>pro</strong></span> <span class='ocrx_word' id='word_1_119' title='bbox 1271 1241 1374 1266; x_wconf 84' lang='grc' dir='ltr'><strong><em>κατε-</em></strong></span> 
     </span>
     <span class='ocr_line' id='line_1_16' title="bbox 194 1288 1374 1348; baseline 0 -16"><span class='ocrx_word' id='word_1_120' title='bbox 194 1295 384 1348; x_wconf 79' lang='grc' dir='ltr'><strong><em>σκάφησαν</em></strong></span> <span class='ocrx_word' id='word_1_121' title='bbox 406 1306 447 1344; x_wconf 90' lang='lat' dir='ltr'><strong>p.</strong></span> <span class='ocrx_word' id='word_1_122' title='bbox 473 1291 549 1330; x_wconf 82' lang='lat'><strong>133</strong></span> <span class='ocrx_word' id='word_1_123' title='bbox 574 1290 682 1342; x_wconf 83' lang='lat'><strong>(321.</strong></span> <span class='ocrx_word' id='word_1_124' title='bbox 708 1288 789 1341; x_wconf 91' lang='grc' dir='ltr'><strong>Β.).</strong></span> <span class='ocrx_word' id='word_1_125' title='bbox 831 1288 919 1327; x_wconf 85' lang='lat' dir='ltr'><strong>Alia</strong></span> <span class='ocrx_word' id='word_1_126' title='bbox 941 1290 1065 1328; x_wconf 84' lang='lat' dir='ltr'><strong>multa</strong></span> <span class='ocrx_word' id='word_1_127' title='bbox 1092 1303 1197 1342; x_wconf 84' lang='lat' dir='ltr'><strong>quae</strong></span> <span class='ocrx_word' id='word_1_128' title='bbox 1223 1291 1374 1332; x_wconf 82' lang='lat' dir='ltr'><strong>Graeca</strong></span> 
     </span>
     <span class='ocr_line' id='line_1_17' title="bbox 190 1354 1372 1406; baseline 0.001 -10"><span class='ocrx_word' id='word_1_129' title='bbox 190 1370 271 1396; x_wconf 89' lang='lat' dir='ltr'><strong>non</strong></span> <span class='ocrx_word' id='word_1_130' title='bbox 293 1364 382 1396; x_wconf 83' lang='lat' dir='ltr'><strong>sunt</strong></span> <span class='ocrx_word' id='word_1_131' title='bbox 410 1357 554 1395; x_wconf 89' lang='lat' dir='ltr'><strong>nedum</strong></span> <span class='ocrx_word' id='word_1_132' title='bbox 587 1356 716 1394; x_wconf 79' lang='lat' dir='ltr'><strong>Attica</strong></span> <span class='ocrx_word' id='word_1_133' title='bbox 747 1354 880 1393; x_wconf 81' lang='lat' dir='ltr'><strong>adhuc</strong></span> <span class='ocrx_word' id='word_1_134' title='bbox 906 1356 1244 1406; x_wconf 74' lang='lat' dir='ltr'><strong>praeter-viderunt</strong></span> <span class='ocrx_word' id='word_1_135' title='bbox 1278 1359 1372 1397; x_wconf 89' lang='lat' dir='ltr'><strong>Edi-</strong></span> 
     </span>
     <span class='ocr_line' id='line_1_18' title="bbox 191 1417 1373 1474; baseline 0.001 -14"><span class='ocrx_word' id='word_1_136' title='bbox 191 1429 315 1470; x_wconf 74' lang='lat' dir='ltr'><strong>tor-es,</strong></span> <span class='ocrx_word' id='word_1_137' title='bbox 346 1422 485 1462; x_wconf 63' lang='lat' dir='ltr'><strong>veluti:</strong></span> <span class='ocrx_word' id='word_1_138' title='bbox 513 1420 617 1460; x_wconf 82' lang='grc' dir='ltr'><strong><em>αὐτὸν</em></strong></span> <span class='ocrx_word' id='word_1_139' title='bbox 635 1441 688 1447; x_wconf 85' lang='lat'>—</span> <span class='ocrx_word' id='word_1_140' title='bbox 705 1419 774 1471; x_wconf 83' lang='grc' dir='ltr'><strong>οὐχ</strong></span> <span class='ocrx_word' id='word_1_141' title='bbox 802 1417 869 1457; x_wconf 83' lang='grc' dir='ltr'><strong><em>οἷοί</em></strong></span> <span class='ocrx_word' id='word_1_142' title='bbox 894 1433 932 1458; x_wconf 92' lang='grc' dir='ltr'><strong>τε</strong></span> <span class='ocrx_word' id='word_1_143' title='bbox 957 1418 1040 1458; x_wconf 81' lang='grc' dir='ltr'><strong><em>εἰσὶν</em></strong></span> <span class='ocrx_word' id='word_1_144' title='bbox 1067 1418 1272 1468; x_wconf 61' lang='grc' dir='ltr'><strong><em>ἐπεξελθεῖν</em></strong></span> <span class='ocrx_word' id='word_1_145' title='bbox 1298 1437 1373 1474; x_wconf 89' lang='lat' dir='ltr'><strong>pro</strong></span> 
     </span>
     <span class='ocr_line' id='line_1_19' title="bbox 191 1486 1369 1542; baseline 0 -15"><span class='ocrx_word' id='word_1_146' title='bbox 191 1490 290 1542; x_wconf 79' lang='grc' dir='ltr'><strong><em>αὐτῷ</em></strong></span> <span class='ocrx_word' id='word_1_147' title='bbox 322 1505 365 1542; x_wconf 90' lang='lat' dir='ltr'><strong>p.</strong></span> <span class='ocrx_word' id='word_1_148' title='bbox 396 1487 473 1527; x_wconf 87' lang='lat'><strong>188</strong></span> <span class='ocrx_word' id='word_1_149' title='bbox 511 1486 619 1539; x_wconf 76' lang='lat'>(463.</span> <span class='ocrx_word' id='word_1_150' title='bbox 645 1486 719 1537; x_wconf 83' lang='lat' dir='ltr'><strong>B.)</strong></span> <span class='ocrx_word' id='word_1_151' title='bbox 759 1486 806 1524; x_wconf 82' lang='grc' dir='ltr'><strong>τὰ</strong></span> <span class='ocrx_word' id='word_1_152' title='bbox 836 1487 968 1537; x_wconf 78' lang='grc' dir='ltr'><strong><em>μέγιςα</em></strong></span> <span class='ocrx_word' id='word_1_153' title='bbox 1000 1487 1079 1542; x_wconf 82' lang='grc' dir='ltr'><strong><em>περὶ</em></strong></span> <span class='ocrx_word' id='word_1_154' title='bbox 1115 1488 1179 1529; x_wconf 83' lang='grc' dir='ltr'><strong>τὴν</strong></span> <span class='ocrx_word' id='word_1_155' title='bbox 1209 1488 1369 1541; x_wconf 70' lang='grc' dir='ltr'><strong><em>πατρίδα</em></strong></span> 
     </span>
     <span class='ocr_line' id='line_1_20' title="bbox 193 1551 1372 1609; baseline -0.003 -11"><span class='ocrx_word' id='word_1_156' title='bbox 193 1554 358 1598; x_wconf 81' lang='grc' dir='ltr'><strong><em>ἠδίκηκεν</em></strong></span> <span class='ocrx_word' id='word_1_157' title='bbox 382 1569 432 1607; x_wconf 88' lang='lat' dir='ltr'><strong>p.</strong></span> <span class='ocrx_word' id='word_1_158' title='bbox 461 1552 535 1592; x_wconf 85' lang='grc'><strong>189</strong></span> <span class='ocrx_word' id='word_1_159' title='bbox 564 1551 672 1603; x_wconf 77' lang='grc'><strong>(464.</strong></span> <span class='ocrx_word' id='word_1_160' title='bbox 706 1552 770 1603; x_wconf 91' lang='grc' dir='ltr'><strong>Β.)</strong></span> <span class='ocrx_word' id='word_1_161' title='bbox 811 1551 878 1589; x_wconf 87' lang='lat' dir='ltr'><strong>ubi</strong></span> <span class='ocrx_word' id='word_1_162' title='bbox 904 1558 1076 1603; x_wconf 77' lang='lat' dir='ltr'><strong>praestat</strong></span> <span class='ocrx_word' id='word_1_163' title='bbox 1110 1554 1193 1609; x_wconf 86' lang='grc' dir='ltr'><strong><em>περί</em></strong></span> <span class='ocrx_word' id='word_1_164' title='bbox 1219 1566 1372 1606; x_wconf 89' lang='lat' dir='ltr'><strong>expun-</strong></span> 
     </span>
     <span class='ocr_line' id='line_1_21' title="bbox 191 1616 1370 1675; baseline 0.002 -17"><span class='ocrx_word' id='word_1_165' title='bbox 191 1630 283 1673; x_wconf 77' lang='lat' dir='ltr'><strong>gere</strong></span> <span class='ocrx_word' id='word_1_166' title='bbox 312 1633 434 1672; x_wconf 85' lang='lat' dir='ltr'><strong>quam</strong></span> <span class='ocrx_word' id='word_1_167' title='bbox 463 1621 668 1674; x_wconf 73' lang='grc' dir='ltr'><strong><em>ἡμάρτηκεν</em></strong></span> <span class='ocrx_word' id='word_1_168' title='bbox 701 1616 884 1655; x_wconf 82' lang='lat' dir='ltr'><strong>seribere.</strong></span> <span class='ocrx_word' id='word_1_169' title='bbox 911 1618 1064 1671; x_wconf 55' lang='grc' dir='ltr'><strong><em>»ἀγαθόν</em></strong></span> <span class='ocrx_word' id='word_1_170' title='bbox 1096 1633 1128 1658; x_wconf 90' lang='grc' dir='ltr'><strong>τι</strong></span> <span class='ocrx_word' id='word_1_171' title='bbox 1160 1618 1295 1675; x_wconf 76' lang='grc' dir='ltr'><strong><em>πρᾶξαι</em></strong></span> <span class='ocrx_word' id='word_1_172' title='bbox 1327 1627 1370 1673; x_wconf 83' lang='grc' dir='ltr'><strong>τῇ</strong></span> 
     </span>
     <span class='ocr_line' id='line_1_22' title="bbox 192 1683 1369 1739; baseline -0.001 -13"><span class='ocrx_word' id='word_1_173' title='bbox 192 1685 287 1726; x_wconf 84' lang='grc' dir='ltr'><strong><em>πόλει</em></strong></span> <span class='ocrx_word' id='word_1_174' title='bbox 313 1700 356 1738; x_wconf 87' lang='lat' dir='ltr'><strong>p.</strong></span> <span class='ocrx_word' id='word_1_175' title='bbox 382 1685 458 1724; x_wconf 82' lang='grc'><strong>134</strong></span> <span class='ocrx_word' id='word_1_176' title='bbox 491 1685 600 1739; x_wconf 78' lang='grc'><strong>(324.</strong></span> <span class='ocrx_word' id='word_1_177' title='bbox 629 1684 693 1735; x_wconf 88' lang='grc' dir='ltr'><strong>Β.)</strong></span> <span class='ocrx_word' id='word_1_178' title='bbox 721 1697 795 1737; x_wconf 90' lang='lat' dir='ltr'><strong>pro</strong></span> <span class='ocrx_word' id='word_1_179' title='bbox 821 1686 884 1726; x_wconf 77' lang='grc' dir='ltr'><strong><em>τὴν</em></strong></span> <span class='ocrx_word' id='word_1_180' title='bbox 905 1684 1017 1723; x_wconf 86' lang='grc' dir='ltr'><strong><em>πόλιν.</em></strong></span> <span class='ocrx_word' id='word_1_181' title='bbox 1057 1683 1148 1725; x_wconf 88' lang='grc' dir='ltr'><strong>Ὀτε</strong></span> <span class='ocrx_word' id='word_1_182' title='bbox 1170 1687 1271 1723; x_wconf 87' lang='lat' dir='ltr'><strong>male</strong></span> <span class='ocrx_word' id='word_1_183' title='bbox 1295 1699 1369 1738; x_wconf 89' lang='lat' dir='ltr'><strong>pro</strong></span> 
     </span>
     <span class='ocr_line' id='line_1_23' title="bbox 190 1750 1368 1804; baseline 0.001 -13"><span class='ocrx_word' id='word_1_184' title='bbox 190 1755 242 1792; x_wconf 87' lang='grc' dir='ltr'><strong>ὅτι</strong></span> <span class='ocrx_word' id='word_1_185' title='bbox 269 1753 439 1804; x_wconf 83' lang='lat' dir='ltr'><strong>positum</strong></span> <span class='ocrx_word' id='word_1_186' title='bbox 466 1759 522 1790; x_wconf 86' lang='lat' dir='ltr'><strong>est</strong></span> <span class='ocrx_word' id='word_1_187' title='bbox 550 1766 590 1803; x_wconf 87' lang='lat' dir='ltr'><strong>p.</strong></span> <span class='ocrx_word' id='word_1_188' title='bbox 625 1752 701 1789; x_wconf 85' lang='lat'><strong>152</strong></span> <span class='ocrx_word' id='word_1_189' title='bbox 732 1751 842 1803; x_wconf 90' lang='grc'><strong>(371.</strong></span> <span class='ocrx_word' id='word_1_190' title='bbox 866 1750 930 1802; x_wconf 93' lang='grc' dir='ltr'><strong>Β.)</strong></span> <span class='ocrx_word' id='word_1_191' title='bbox 961 1751 1028 1789; x_wconf 91' lang='lat' dir='ltr'><strong>ubi</strong></span> <span class='ocrx_word' id='word_1_192' title='bbox 1057 1752 1288 1804; x_wconf 83' lang='lat' dir='ltr'><strong>legendum:</strong></span> <span class='ocrx_word' id='word_1_193' title='bbox 1316 1756 1368 1792; x_wconf 87' lang='grc' dir='ltr'><strong>ὅτι</strong></span> 
     </span>
     <span class='ocr_line' id='line_1_24' title="bbox 190 1813 1370 1873; baseline 0.001 -16"><span class='ocrx_word' id='word_1_194' title='bbox 190 1813 247 1857; x_wconf 76' lang='grc' dir='ltr'><strong>οὖν</strong></span> <span class='ocrx_word' id='word_1_195' title='bbox 266 1820 411 1857; x_wconf 77' lang='grc' dir='ltr'><strong><em>τοιαῦτα</em></strong></span> <span class='ocrx_word' id='word_1_196' title='bbox 429 1819 544 1858; x_wconf 78' lang='grc' dir='ltr'><strong><em>πολλὰ</em></strong></span> <span class='ocrx_word' id='word_1_197' title='bbox 562 1819 746 1873; x_wconf 85' lang='grc' dir='ltr'><strong><em>γεγένηται</em></strong></span> <span class='ocrx_word' id='word_1_198' title='bbox 759 1840 811 1846; x_wconf 90' lang='grc'>-</span> <span class='ocrx_word' id='word_1_199' title='bbox 827 1818 914 1864; x_wconf 81' lang='grc' dir='ltr'><strong><em>εἰκὸς</em></strong></span> <span class='ocrx_word' id='word_1_200' title='bbox 932 1817 1027 1871; x_wconf 78' lang='grc' dir='ltr'>ὑμᾶς</span> <span class='ocrx_word' id='word_1_201' title='bbox 1045 1818 1119 1857; x_wconf 85' lang='grc' dir='ltr'><strong>κτὲ.</strong></span> <span class='ocrx_word' id='word_1_202' title='bbox 1151 1818 1297 1857; x_wconf 83' lang='lat' dir='ltr'><strong>Contra</strong></span> <span class='ocrx_word' id='word_1_203' title='bbox 1316 1823 1370 1859; x_wconf 87' lang='grc' dir='ltr'><strong>ὅτι</strong></span> 
     </span>
     <span class='ocr_line' id='line_1_25' title="bbox 188 1884 1375 1937; baseline 0.003 -15"><span class='ocrx_word' id='word_1_204' title='bbox 188 1896 263 1936; x_wconf 90' lang='lat' dir='ltr'><strong>pro</strong></span> <span class='ocrx_word' id='word_1_205' title='bbox 298 1887 355 1923; x_wconf 85' lang='grc' dir='ltr'><strong>ὅτε</strong></span> <span class='ocrx_word' id='word_1_206' title='bbox 381 1885 534 1937; x_wconf 82' lang='lat' dir='ltr'><strong>irrepsit</strong></span> <span class='ocrx_word' id='word_1_207' title='bbox 569 1901 611 1937; x_wconf 91' lang='lat' dir='ltr'><strong>p.</strong></span> <span class='ocrx_word' id='word_1_208' title='bbox 649 1886 723 1923; x_wconf 84' lang='lat'><strong>113</strong></span> <span class='ocrx_word' id='word_1_209' title='bbox 767 1884 877 1936; x_wconf 88' lang='lat'>(272.</span> <span class='ocrx_word' id='word_1_210' title='bbox 913 1884 979 1937; x_wconf 87' lang='lat' dir='ltr'><strong>B.)</strong></span> <span class='ocrx_word' id='word_1_211' title='bbox 1012 1884 1072 1924; x_wconf 83' lang='grc' dir='ltr'><strong>καὶ</strong></span> <span class='ocrx_word' id='word_1_212' title='bbox 1105 1888 1223 1924; x_wconf 80' lang='grc' dir='ltr'><strong><em>ταῦτα</em></strong></span> <span class='ocrx_word' id='word_1_213' title='bbox 1252 1884 1288 1925; x_wconf 80' lang='grc' dir='ltr'><strong>δ’</strong></span> <span class='ocrx_word' id='word_1_214' title='bbox 1318 1889 1375 1932; x_wconf 15' lang='grc' dir='ltr'><strong><em>ὅτιι</em></strong></span> 
     </span>
     <span class='ocr_line' id='line_1_26' title="bbox 190 1950 1367 2008; baseline 0.001 -15"><span class='ocrx_word' id='word_1_215' title='bbox 190 1950 275 2007; x_wconf 81' lang='grc' dir='ltr'><strong><em>πρὸς</em></strong></span> <span class='ocrx_word' id='word_1_216' title='bbox 301 1951 380 1997; x_wconf 83' lang='grc' dir='ltr'><strong><em>τοὺς</em></strong></span> <span class='ocrx_word' id='word_1_217' title='bbox 411 1952 628 1999; x_wconf 81' lang='grc' dir='ltr'><strong><em>τελευταίους</em></strong></span> <span class='ocrx_word' id='word_1_218' title='bbox 656 1953 772 2007; x_wconf 66' lang='grc' dir='ltr'><strong><em>ἔλεγεν</em></strong></span> <span class='ocrx_word' id='word_1_219' title='bbox 803 1951 858 1999; x_wconf 73' lang='grc' dir='ltr'><strong>οὓς</strong></span> <span class='ocrx_word' id='word_1_220' title='bbox 886 1954 990 2008; x_wconf 84' lang='grc' dir='ltr'><strong><em>ᾤεσθε</em></strong></span> <span class='ocrx_word' id='word_1_221' title='bbox 1021 1953 1237 2007; x_wconf 75' lang='grc' dir='ltr'><strong><em>ἀπαγγελεῖν</em></strong></span> <span class='ocrx_word' id='word_1_222' title='bbox 1267 1955 1367 2007; x_wconf 71' lang='grc' dir='ltr'><strong><em>ἧμῖνε</em></strong></span> 
     </span>
     <span class='ocr_line' id='line_1_27' title="bbox 192 2018 1371 2075; baseline 0.003 -20"><span class='ocrx_word' id='word_1_223' title='bbox 192 2018 298 2070; x_wconf 85' lang='lat' dir='ltr'><strong>lege:</strong></span> <span class='ocrx_word' id='word_1_224' title='bbox 328 2021 386 2058; x_wconf 87' lang='grc' dir='ltr'><strong>ὅτε</strong></span> <span class='ocrx_word' id='word_1_225' title='bbox 405 2042 459 2049; x_wconf 88' lang='grc'>-</span> <span class='ocrx_word' id='word_1_226' title='bbox 475 2020 607 2074; x_wconf 82' lang='grc' dir='ltr'><strong><em>ἐλέγετ’</em></strong></span> <span class='ocrx_word' id='word_1_227' title='bbox 636 2022 698 2061; x_wconf 83' lang='grc' dir='ltr'><strong>οὐκ</strong></span> <span class='ocrx_word' id='word_1_228' title='bbox 725 2021 834 2075; x_wconf 87' lang='grc' dir='ltr'><strong><em>ᾤεσθε</em></strong></span> <span class='ocrx_word' id='word_1_229' title='bbox 868 2020 942 2060; x_wconf 81' lang='grc' dir='ltr'><strong>κτὲ.</strong></span> <span class='ocrx_word' id='word_1_230' title='bbox 986 2021 1141 2059; x_wconf 81' lang='lat' dir='ltr'>Excidit</span> <span class='ocrx_word' id='word_1_231' title='bbox 1167 2022 1371 2072; x_wconf 84' lang='lat' dir='ltr'><strong>praeposi-</strong></span> 
     </span>
     <span class='ocr_line' id='line_1_28' title="bbox 189 2082 1368 2142; baseline 0.003 -22"><span class='ocrx_word' id='word_1_232' title='bbox 189 2082 244 2120; x_wconf 82' lang='lat' dir='ltr'><strong>tio</strong></span> <span class='ocrx_word' id='word_1_233' title='bbox 281 2096 322 2134; x_wconf 86' lang='lat' dir='ltr'><strong>p.</strong></span> <span class='ocrx_word' id='word_1_234' title='bbox 357 2084 432 2123; x_wconf 81' lang='grc'><strong>154</strong></span> <span class='ocrx_word' id='word_1_235' title='bbox 460 2084 569 2137; x_wconf 91' lang='grc'><strong>(377.</strong></span> <span class='ocrx_word' id='word_1_236' title='bbox 599 2086 675 2140; x_wconf 84' lang='grc' dir='ltr'><strong>Β.)</strong></span> <span class='ocrx_word' id='word_1_237' title='bbox 701 2085 863 2142; x_wconf 83' lang='grc' dir='ltr'><strong><em>φύλακας</em></strong></span> <span class='ocrx_word' id='word_1_238' title='bbox 894 2089 1145 2138; x_wconf 78' lang='grc' dir='ltr'><strong><em>κατεςήσαμεν</em></strong></span> <span class='ocrx_word' id='word_1_239' title='bbox 1181 2090 1224 2137; x_wconf 80' lang='grc' dir='ltr'><strong>τῇ</strong></span> <span class='ocrx_word' id='word_1_240' title='bbox 1262 2086 1368 2136; x_wconf 82' lang='grc' dir='ltr'><strong><em>οἰκίᾳ.</em></strong></span> 
     </span>
     <span class='ocr_line' id='line_1_29' title="bbox 191 2147 1367 2204; baseline 0.003 -18"><span class='ocrx_word' id='word_1_241' title='bbox 191 2147 295 2186; x_wconf 78' lang='lat' dir='ltr'><strong>adde</strong></span> <span class='ocrx_word' id='word_1_242' title='bbox 318 2147 367 2187; x_wconf 84' lang='grc' dir='ltr'><strong>ἐν.</strong></span> <span class='ocrx_word' id='word_1_243' title='bbox 401 2151 502 2188; x_wconf 87' lang='lat' dir='ltr'><strong>male</strong></span> <span class='ocrx_word' id='word_1_244' title='bbox 533 2152 726 2189; x_wconf 82' lang='lat' dir='ltr'><strong>omittitur</strong></span> <span class='ocrx_word' id='word_1_245' title='bbox 759 2152 946 2190; x_wconf 82' lang='lat' dir='ltr'><strong>articulus</strong></span> <span class='ocrx_word' id='word_1_246' title='bbox 981 2166 1023 2203; x_wconf 90' lang='lat' dir='ltr'><strong>p.</strong></span> <span class='ocrx_word' id='word_1_247' title='bbox 1057 2153 1132 2190; x_wconf 81' lang='grc'><strong>152</strong></span> <span class='ocrx_word' id='word_1_248' title='bbox 1166 2153 1274 2203; x_wconf 85' lang='grc'><strong>(372.</strong></span> <span class='ocrx_word' id='word_1_249' title='bbox 1304 2152 1367 2204; x_wconf 92' lang='grc' dir='ltr'><strong>Β.)</strong></span> 
     </span>
     <span class='ocr_line' id='line_1_30' title="bbox 191 2214 1365 2273; baseline 0.004 -21"><span class='ocrx_word' id='word_1_250' title='bbox 191 2215 281 2253; x_wconf 84' lang='grc' dir='ltr'><strong><em>οὕτω</em></strong></span> <span class='ocrx_word' id='word_1_251' title='bbox 313 2214 408 2260; x_wconf 75' lang='grc' dir='ltr'><strong><em>δεινὴ</em></strong></span> <span class='ocrx_word' id='word_1_252' title='bbox 442 2218 604 2273; x_wconf 78' lang='grc' dir='ltr'><strong><em>συμφορὰ</em></strong></span> <span class='ocrx_word' id='word_1_253' title='bbox 635 2218 830 2271; x_wconf 83' lang='grc' dir='ltr'><strong><em>γεγένηται.</em></strong></span> <span class='ocrx_word' id='word_1_254' title='bbox 870 2218 947 2255; x_wconf 91' lang='lat' dir='ltr'><strong>imo</strong></span> <span class='ocrx_word' id='word_1_255' title='bbox 981 2230 1093 2256; x_wconf 88' lang='lat' dir='ltr'><strong>vero:</strong></span> <span class='ocrx_word' id='word_1_256' title='bbox 1136 2219 1158 2260; x_wconf 85' lang='grc' dir='ltr'>ἡ</span> <span class='ocrx_word' id='word_1_257' title='bbox 1186 2222 1365 2273; x_wconf 84' lang='grc' dir='ltr'><strong><em>συμφορά.</em></strong></span> 
     </span>
     <span class='ocr_line' id='line_1_31' title="bbox 191 2278 1371 2338; baseline 0.005 -21"><span class='ocrx_word' id='word_1_258' title='bbox 191 2278 336 2319; x_wconf 82' lang='lat' dir='ltr'><strong>Contra</strong></span> <span class='ocrx_word' id='word_1_259' title='bbox 365 2284 512 2335; x_wconf 71' lang='lat' dir='ltr'><strong>proo‘r‘</strong></span> <span class='ocrx_word' id='word_1_260' title='bbox 536 2282 575 2328; x_wconf 79' lang='grc' dir='ltr'><strong>ἦν</strong></span> <span class='ocrx_word' id='word_1_261' title='bbox 594 2284 629 2325; x_wconf 83' lang='grc' dir='ltr'><strong>ἐν</strong></span> <span class='ocrx_word' id='word_1_262' title='bbox 652 2290 696 2338; x_wconf 78' lang='grc' dir='ltr'><strong>τῇ</strong></span> <span class='ocrx_word' id='word_1_263' title='bbox 716 2284 837 2336; x_wconf 82' lang='grc' dir='ltr'><strong><em>ἡλικίᾳ</em></strong></span> <span class='ocrx_word' id='word_1_264' title='bbox 864 2299 904 2336; x_wconf 91' lang='lat' dir='ltr'><strong>p.</strong></span> <span class='ocrx_word' id='word_1_265' title='bbox 932 2285 1006 2323; x_wconf 85' lang='lat'><strong>153</strong></span> <span class='ocrx_word' id='word_1_266' title='bbox 1028 2285 1135 2335; x_wconf 85' lang='lat'>(373.</span> <span class='ocrx_word' id='word_1_267' title='bbox 1162 2284 1224 2335; x_wconf 89' lang='grc' dir='ltr'><strong>Β.)</strong></span> <span class='ocrx_word' id='word_1_268' title='bbox 1256 2283 1371 2323; x_wconf 86' lang='lat' dir='ltr'><strong>Grae-</strong></span> 
     </span>
     <span class='ocr_line' id='line_1_32' title="bbox 191 2345 1372 2401; baseline 0.007 -18"><span class='ocrx_word' id='word_1_269' title='bbox 191 2357 236 2384; x_wconf 87' lang='lat' dir='ltr'><strong>ce</strong></span> <span class='ocrx_word' id='word_1_270' title='bbox 262 2345 297 2385; x_wconf 85' lang='grc' dir='ltr'><strong>ἔν</strong></span> <span class='ocrx_word' id='word_1_271' title='bbox 320 2347 444 2401; x_wconf 82' lang='grc' dir='ltr'><strong>ἡλικίᾳ.</strong></span> <span class='ocrx_word' id='word_1_272' title='bbox 469 2357 551 2390; x_wconf 87' lang='lat' dir='ltr'><strong>erat</strong></span> <span class='ocrx_word' id='word_1_273' title='bbox 574 2351 800 2391; x_wconf 86' lang='lat' dir='ltr'><strong>dicendum.</strong></span> <span class='ocrx_word' id='word_1_274' title='bbox 843 2350 943 2389; x_wconf 82' lang='lat' dir='ltr'><strong>Male</strong></span> <span class='ocrx_word' id='word_1_275' title='bbox 970 2351 1153 2389; x_wconf 87' lang='lat' dir='ltr'><strong>traiectus</strong></span> <span class='ocrx_word' id='word_1_276' title='bbox 1183 2350 1372 2391; x_wconf 79' lang='lat' dir='ltr'><strong>articulus</strong></span> 
     </span>
    </p>
   </div>
  </div>
 </body>
</html>
