1572 2801
745 213 801 255 17

200 353 297 392 sunt
325 361 432 404 quac
456 347 622 403 ancipiti
652 346 887 388 coniectura
914 345 1130 387 rimamur:
1160 344 1230 387 sed
1259 345 1357 402 ple-

200 435 329 476 raque
373 421 573 463 laetamur
613 420 669 461 sic
707 432 794 461 esse
835 422 1070 475 comparata
1112 421 1182 471 ut,
1222 431 1355 474 quum

199 507 460 550 quacumque
490 497 619 535 aetate
646 490 758 547 apud
786 489 1014 546 quemlibet
1043 488 1247 545 populum
1269 504 1354 531 cer-

198 569 286 609 tum
335 572 504 609 naturae
548 563 721 606 ductum
766 566 807 604 et
852 560 1080 618 analogiam
1131 567 1357 618 sequantur

199 653 249 680 ex
279 639 441 682 assidua
472 641 653 678 veterum
688 634 860 677 lectione
890 635 1109 676 coniuncta
1139 649 1235 675 cum
1261 635 1356 675 dili-

198 711 309 766 genti
344 709 575 765 aequalium
614 711 655 749 et
680 721 818 749 rerum
848 711 889 748 et
918 705 1132 749 hominum
1164 706 1356 750 observa-

199 783 332 826 tione.
371 786 477 823 recte
534 781 723 836 cognosci
783 781 1068 836 aestimarique
1122 782 1357 822 etiamnunc

199 855 368 911 possint.
435 853 645 895 Praeterea
685 852 828 907 ingens
874 858 1061 909 superest
1106 854 1356 910 antiquariae

200 927 468 985 supellectilis
493 927 629 982 copia,
657 925 766 967 unde
789 926 869 966 vita
896 926 1148 983 populorum
1172 932 1357 968 veterum

200 1005 335 1057 potest
356 999 466 1041 cerni
493 998 624 1039 oculis
645 1003 686 1040 et
708 998 896 1040 manibus
925 999 1088 1040 tractari
1119 998 1357 1054 habentque

199 1088 245 1115 ea
273 1072 407 1114 omnia
433 1072 629 1126 insignem
661 1070 877 1112 utilitatem
905 1086 1000 1113 cum
1026 1072 1261 1113 suavissima
1288 1086 1356 1113 vo·

200 1146 360 1203 luptate
379 1144 652 1187 coniunctam.
694 1142 812 1185 Iuvat
834 1144 1084 1198 meminisse,
1109 1158 1241 1200 quum
1257 1143 1357 1186 mihi

200 1219 240 1261 in
268 1217 437 1274 pristina
468 1215 641 1256 Romani
668 1214 825 1270 imperii
843 1213 936 1256 sede
962 1215 1118 1271 priscae
1134 1217 1355 1272 antiquita-

199 1292 251 1333 tis
301 1294 565 1331 monumenta
615 1288 907 1344 contemplanti
958 1292 999 1329 et
1043 1290 1356 1344 praeteritorum

198 1363 457 1405 saeculorum
480 1361 621 1401 seriem
648 1361 782 1401 animo
808 1360 1031 1402 revolventi
1055 1363 1356 1404 venerationem

198 1440 239 1478 et
269 1448 430 1476 sacrum
462 1432 680 1488 quemdam
721 1431 931 1474 horrorem
968 1434 1211 1476 incuterent.
1274 1434 1356 1477 Sed

199 1522 282 1549 non
313 1512 374 1547 est
406 1505 711 1561 philologorum
745 1505 787 1544 in
821 1505 869 1544 iis
899 1506 1226 1562 contemplandis
1255 1521 1355 1563 cog-

200 1578 497 1635 noscendisque
519 1583 627 1620 totos
657 1592 756 1620 esse.
820 1577 963 1620 Erutas
989 1593 1011 1621 e
1041 1585 1171 1622 terrae
1199 1582 1353 1637 gremio

200 1654 452 1710 antiquitatis
484 1653 675 1707 reliquias
702 1652 937 1708 explorare,
984 1654 1195 1696 aestimare
1227 1660 1268 1696 et
1302 1655 1355 1696 ad

196 1739 454 1768 communem
498 1724 715 1765 utilitatem
762 1732 801 1765 et
841 1725 1027 1765 notitiam
1063 1725 1248 1781 proferre
1287 1741 1355 1768 ar·

198 1797 429 1851 chaeologis
459 1795 602 1836 datum
635 1801 696 1836 est
728 1802 769 1837 et
797 1797 1091 1838 numismaticis
1131 1805 1172 1839 et
1216 1799 1356 1854 peritis

201 1868 444 1922 artificibus,
461 1881 640 1923 quorum
660 1865 871 1919 laboribus
893 1868 987 1910 laeti
1004 1870 1191 1925 gratique
1206 1870 1247 1912 in
1268 1885 1355 1912 rem

199 1948 404 1994 nostram,
445 1940 487 1981 id
518 1945 580 1981 est
615 1941 862 1997 scriptorum
893 1941 1226 1997 intelligentiam,
1274 1944 1356 1984 uti-

204 2032 311 2060 mur.
341 2016 443 2057 Nam
472 2019 652 2057 veterum
675 2015 798 2056 vitam
814 2014 1025 2072 publicam
1052 2016 1353 2073 privatamque,

205 2105 290 2133 rem
333 2088 491 2131 civilem
524 2093 565 2129 et
596 2088 830 2142 militarem,
877 2087 1113 2144 religiones,
1140 2104 1273 2133 mores
1306 2105 1355 2133 ex

202 2164 385 2219 ipsorum
413 2162 573 2219 scriptis
589 2175 834 2217 cognoscere
857 2163 1151 2206 iucundissima
1174 2178 1268 2221 pars
1294 2170 1356 2207 est

203 2235 325 2276 studii
376 2235 635 2291 philologici:
676 2236 718 2277 in
756 2250 840 2292 quo
886 2237 1072 2279 nonnihil
1113 2238 1355 2280 adiuvamur

203 2306 256 2348 ab
271 2308 378 2364 ipsis
405 2307 633 2364 veteribus,
665 2309 737 2365 qui
760 2322 855 2351 suos
881 2308 957 2351 sibi
983 2309 1220 2358 habuerunt
1243 2311 1356 2353 anti-

1123 2380 1152 2410 c)

1125 2409 1154 2424 Δ
