1572 2801
723 189 780 231 59

162 326 233 369 τοῖς
261 323 424 375 ὀνόμασιν
453 321 540 360 ἀλλ’
577 325 617 363 ἤν
645 336 710 361 που
741 321 838 376 ῥῆμα
869 321 1014 377 ἔκφυλον
1046 324 1145 378 εὕρῃς
1180 324 1201 365 ἢ
1240 323 1344 368 αὐτὸς

162 391 390 443 πλασάμενος
409 390 533 441 οἰηθῇς
556 389 640 428 εἶναι
661 387 770 426 καλὸν
790 389 902 443 τούτῳ
920 392 1038 436 ζητεῖς
1055 388 1214 430 διάνοιαν
1233 391 1342 447 ἐφαρ-

162 459 266 510 μόσαι
302 455 361 494 καὶ
389 456 516 508 ζημίαν
554 456 622 507 ἡγῇ
652 454 695 492 ἂν
734 455 785 506 μὴ
823 454 1035 509 παραβύσῃς
1064 456 1150 495 αὐτό
1183 472 1242 496 ποι
1278 457 1345 496 κᾶν

163 526 214 575 τῷ
240 521 414 575 λεγομένῳ
433 520 519 574 μηδ’
548 520 743 571 ἀναγκαῖον
770 518 877 569 (fort.
902 519 1013 572 μηδὲν
1041 521 1177 572 οἰκεῖον)
1203 522 1225 576 ᾖ
1234 556 1249 575 ‚
1279 522 1347 563 οἷον

161 589 281 643 πρῴην
310 587 365 625 τὸν
393 586 593 638 θυμάλωπα
623 583 700 623 οὐδ’
720 584 823 630 εἰδὼς
851 587 872 623 ὅ
898 600 930 625 τι
959 588 1118 639 σημαίνει
1142 589 1345 644 ἀπέρριψας

163 654 264 694 οὐδὲν
288 653 425 692 ἐοικότα
451 655 502 704 τῷ
530 649 742 705 ὑποκειμένῳ
758 680 766 690 .
798 649 858 689 καὶ
887 652 916 691 οἱ
944 651 1008 705 μὲν
1046 651 1185 693 ἰδιῶται
1213 658 1344 700 πάντες

163 721 382 761 ἐτεθήπεσαν
418 716 484 756 ὑπὸ
519 720 580 755 τοῦ
608 715 704 763 ξένου
733 716 920 770 πληγέντες
950 720 997 757 τὰ
1025 716 1102 758 ὦτα
1113 751 1128 770 ‚
1157 721 1187 758 οἱ
1214 736 1342 760 πεπαι-

164 785 319 838 δευμένοι
352 784 388 823 δ’
423 782 479 822 ἐπ’
516 783 721 839 ἀμφοτέροις
757 782 818 821 καὶ
854 783 907 822 σοι’
949 784 1008 823 καὶ
1047 787 1116 830 τοῖς
1152 785 1346 826 ἐπαινοῦσιν

161 851 305 904 ἐγέλων.
327 851 467 888 Facete
482 849 682 886 Demonax
694 875 706 894 ‚
724 848 774 886 de
788 861 871 899 quo
883 850 1081 888 Lucianus
1095 865 1136 902 p.
1153 850 1232 889 385
1247 852 1346 890 haec

160 919 298 956 refert:
337 916 397 955 καὶ
423 917 493 969 μὴν
527 915 697 954 κάκείνων
726 915 935 968 καταγελᾶν
967 914 1063 963 ἠξίου
1101 921 1171 956 τῶν
1198 916 1232 955 ἐν
1270 919 1347 962 ταῖς

161 983 307 1036 ὁμιλίαις
333 985 428 1021 πάνυ
454 982 617 1035 ἀρχαίοις
645 980 705 1018 καὶ
734 980 841 1027 ξένοις
872 982 1017 1033 ὀνόμασι
1050 983 1243 1037 χρωμένων
1258 1012 1267 1019 .
1297 982 1344 1022 ἑνὶ

162 1051 244 1101 γοῦν
280 1047 488 1103 ἐρωτηθέντι
525 1044 584 1085 ὑπ’
622 1045 730 1085 αὐτοῦ
769 1044 870 1098 λόγον
899 1047 977 1085 τινὰ
1015 1046 1075 1085 καὶ
1102 1047 1346 1103 ὑπεραττικῶς

161 1115 401 1170 ἀποκριθέντι·
432 1112 502 1164 ἐγὼ
531 1113 593 1164 μέν
621 1126 660 1150 σε
670 1142 685 1163 ,
715 1114 779 1166 ἔφη
792 1143 807 1162 ,
838 1109 867 1150 ὦ
894 1112 1036 1167 ἑταῖρε,
1064 1117 1122 1152 νῦν
1150 1116 1318 1170 ἠρώτησα
1329 1147 1344 1166 ,

162 1182 205 1222 σὺ
234 1182 275 1221 δέ
302 1197 360 1234 μοι
388 1180 434 1225 ὡς
460 1177 514 1219 ἐπ’
549 1179 810 1232 Ἀγαμέμνονος
838 1179 1024 1235 ἀποκρίνῃ.
1061 1178 1203 1217 Similis
1239 1181 1350 1233 lepor

165 1254 222 1285 est
248 1249 290 1285 in
313 1261 354 1284 re
383 1247 495 1284 simili
523 1247 645 1298 ipsius
678 1246 843 1284 Luciani
867 1262 911 1298 p.
935 1246 1026 1284 344.
1058 1248 1154 1299 ἡμᾶς
1183 1247 1261 1292 τοὺς
1289 1251 1347 1287 νῦν

163 1313 454 1371 προςομιλοῦντας
491 1313 696 1352 καταλιπὼν
734 1312 802 1367 πρὸ
831 1313 952 1365 χιλίων
990 1312 1078 1353 ἐτῶν
1106 1316 1188 1367 ἡμῖν
1224 1313 1345 1354 διαλέ-

163 1396 276 1433 γεται.
320 1379 430 1417 Idem
465 1380 611 1416 malum
648 1379 850 1417 Romanos
887 1386 924 1417 et
961 1381 1139 1418 Latinam
1173 1382 1348 1433 linguam

163 1446 328 1485 vexavit.
367 1445 586 1497 AugustuS‚
628 1450 790 1482 auctore
820 1445 1008 1482 Suetonio
1039 1458 1128 1496 cap.
1158 1445 1233 1490 86,
1274 1459 1345 1498 ge-

164 1525 245 1550 nus
268 1511 488 1562 eloquendi
504 1515 676 1547 secutus
696 1515 760 1547 est
783 1511 951 1562 elegans
978 1516 1017 1548 et
1047 1516 1318 1563 temperatum
1335 1539 1346 1557 ‚

161 1580 308 1617 vitatis
333 1599 385 1606 —
408 1575 713 1614 reconditorum
751 1576 989 1622 verborum,
1030 1582 1076 1615 ut
1103 1579 1193 1629 ipse
1215 1577 1320 1615 dicit
1336 1607 1345 1623 ,

152 1645 407 1696 foetoribus.
437 1643 548 1680 Idem
573 1642 727 1680 Tiberio
753 1656 835 1681 non
856 1643 1047 1694 parcebat
1072 1644 1257 1682 exoletas
1282 1646 1347 1682 in-

163 1710 322 1750 terdum
355 1713 394 1746 et
423 1707 663 1745 reconditas
702 1721 819 1745 voces
851 1711 1093 1760 aucupanti.
1136 1710 1348 1747 Favorinus

165 1777 274 1829 apud
298 1776 464 1813 Gellium
484 1774 516 1810 Ι.
547 1773 597 1810 10
618 1773 906 1811 adolescentem
932 1778 1114 1812 veterum
1135 1775 1348 1813 verborum

164 1841 478 1896 cupidissimum
506 1842 545 1876 et
565 1838 795 1892 plerasque
818 1851 935 1876 voces
959 1841 1085 1876 nz'mz's
1105 1841 1275 1891 priscas
1309 1845 1347 1876 et

162 1909 451 1961 z‘gnotz‘ssz‘mas
494 1908 541 1944 in
593 1906 854 1956 quotidianis
896 1906 1153 1956 sermonibus
1199 1920 1345 1958 expro-

166 1979 337 2013 mentem
352 1973 459 2012 hisce
477 1973 679 2025 increpat:
710 1988 726 2007 ι
742 1970 804 2010 Tu
824 1972 1004 2023 proinde
1017 1974 1143 2024 quasi
1156 1984 1245 2009 cum
1265 1985 1350 2008 ma-

167 2046 230 2078 tre
257 2039 455 2077 Euandre·
477 2051 587 2076 nunc
615 2037 788 2088 loquare
812 2049 999 2074 sermone
1022 2037 1173 2074 abhinc
1204 2036 1346 2073 mullis

165 2107 295 2145 annis
323 2106 407 2142 iam
430 2104 562 2141 desito
585 2104 744 2147 uteris,
769 2103 882 2153 quod
905 2105 1012 2140 scire
1039 2108 1160 2153 alque
1188 2102 1347 2139 intelle·-

162 2185 261 2223 gere
293 2171 493 2208 neminem
516 2171 579 2207 vis
604 2182 707 2219 quae
736 2168 894 2205 dicas.’'
927 2168 1005 2206 Sed
1034 2168 1219 2220 legendus
1244 2172 1348 2204 totus

166 2238 277 2275 locus
306 2243 382 2282 est,
414 2236 478 2275 cui
510 2235 715 2273 addendus
741 2235 839 2272 alter
874 2235 940 2272 lib.
971 2235 1039 2272 XI.
1070 2248 1157 2285 cap.
1191 2235 1227 2272 7.

216 2303 309 2354 Pug.
341 2304 400 2341 ll.
432 2308 506 2341 aut
531 2301 815 2353 procudebant
838 2314 945 2338 nova
981 2300 1037 2337 ad
1063 2312 1216 2337 omnem
1245 2313 1346 2337 ana-
