1572 2801
741 201 768 244 9

183 338 297 381 nium
341 338 531 391 incuriosi
574 337 774 395 primum,
816 336 991 391 deinde,
1044 340 1103 380 uti
1149 341 1198 383 fit
1239 358 1333 386 cre-

184 420 321 456 scente
361 419 583 470 potestate,
632 411 798 470 superbi
839 417 1131 468 contemtores,
1174 430 1336 472 pauco-—

183 500 275 528 rum
323 485 571 539 verborum,
635 480 709 526 toti
762 483 885 525 rebus
933 490 1096 527 strenue
1144 488 1346 543 gerendis‘

182 558 325 600 intenti
352 556 583 598 facundiam
606 555 931 612 elegantiamque
952 555 1130 612 dicendi,
1162 559 1336 605 levitatis

182 630 334 672 scilicet
348 629 543 670 indicium
554 659 565 681 ‚
582 634 720 669 truces
734 627 1062 684 adspernabantu
1069 646 1098 671 r.
1115 631 1231 675 Iones
1241 650 1336 678 con-

180 710 242 745 tra
259 703 389 755 acuti,
415 701 611 755 mobiles,
628 705 861 755 novatores,
883 702 1058 757 garruli,
1085 704 1139 745 ita
1155 720 1238 749 sese
1254 711 1334 764 pri-

179 788 269 816 mos
290 774 472 816 omnium
501 773 714 814 hominum
741 785 826 813 esse
854 773 1128 829 postulantes,
1157 783 1204 818 ut
1230 793 1336 834 quae

181 847 336 904 ubique
351 851 483 889 essent
498 846 674 903 pulchra
698 845 809 901 apud
831 858 918 887 sese
938 846 1174 902 pulchriora
1194 858 1334 894 exsta-

180 927 282 964 rent.
333 920 562 977 Ingenitum
587 918 666 960 hoc
689 917 913 974 elegantiae
938 918 1119 962 studium
1151 922 1334 968 instituta

180 992 468 1035 incendebant:
496 990 608 1047 apud
627 990 880 1046 ingeniosum
899 991 1105 1047 populum
1123 994 1336 1039 audiendi-

182 1081 263 1122 que
289 1066 599 1122 cupidissimum
622 1078 706 1106 non
733 1069 820 1106 erat
841 1064 918 1106 alia
942 1065 1032 1107 laus
1058 1068 1188 1110 maior
1208 1085 1334 1127 quam

179 1137 386 1194 eleganter
420 1144 643 1193 ornateque
680 1136 862 1177 dicendi:
899 1136 1112 1181 facundiae
1141 1143 1336 1196 patebant

181 1211 328 1252 omnia.
389 1211 546 1252 Dorum
588 1209 714 1265 igitur
748 1221 867 1264 aspra
909 1215 951 1250 et
994 1210 1170 1254 incomta
1207 1219 1336 1260 oratio

179 1283 322 1326 rudem
367 1282 658 1338 horridamque
700 1282 984 1338 antiquitatem
1029 1289 1114 1326 tota
1159 1286 1336 1332 referens

176 1357 363 1399 militiam
393 1356 601 1413 durosque
629 1355 790 1398 labores
815 1357 968 1413 spirare
993 1358 1165 1401 videtur.
1210 1361 1337 1419 Apud

178 1430 336 1473 Atticos
367 1430 498 1472 laetus
530 1444 786 1471 summorum
823 1431 1078 1484 ingeniorum
1114 1442 1336 1489 proventus

179 1503 358 1561 patrium
392 1516 619 1544 sermonem
652 1493 841 1542 ad'illud
874 1503 1006 1544 evexit
1031 1495 1256 1560 fastigium,
1290 1514 1337 1550 ut

179 1577 282 1619 nihil
314 1591 512 1632 umquam
539 1575 685 1617 viderit
709 1574 936 1616 humanum
962 1591 1113 1631 genus,
1146 1581 1259 1635 quod
1285 1582 1337 1624 ad

179 1650 292 1692 illam
324 1651 504 1707 copiam,
532 1649 728 1701 nitorem,
759 1648 1099 1704 magnificentiam
1126 1667 1220 1695 cum
1252 1655 1336 1698 ele-

176 1724 287 1779 ganti
316 1722 572 1778 simplicitate
601 1727 643 1763 et
674 1720 889 1762 sobrietate
919 1723 1179 1766 coniunctam
1208 1729 1336 1782 possit

176 1796 417 1853 comparari.
469 1795 513 1836 ln
543 1810 588 1837 ea
621 1800 756 1836 tamen
790 1809 833 1836 re
869 1795 1013 1837 Graeci
1043 1803 1197 1841 veteres
1236 1815 1335 1843 con-

181 1869 337 1926 spirant
371 1881 510 1909 omnes
551 1872 596 1908 ut
636 1873 824 1909 naturam
859 1875 1084 1924 sequantur
1121 1877 1162 1913 et
1196 1874 1335 1915 cuius-

177 1957 342 1999 cunque
382 1942 462 1983 sint
500 1942 666 1998 originis
700 1944 773 1983 sui
817 1944 935 1995 sint,
979 1942 1078 1985 adeo
1120 1951 1166 1987 ut
1206 1947 1335 2002 quid-

178 2016 279 2073 quid
325 2016 475 2057 faciant
515 2021 586 2057 aut
621 2016 846 2071 loquantur
895 2031 943 2057 ex
994 2018 1154 2072 ingenio
1204 2021 1334 2074 gentis

177 2094 323 2147 sponte
353 2096 493 2131 natum
531 2103 739 2145 agnoscas.
797 2089 933 2145 Atque
970 2089 1070 2131 haec
1108 2097 1169 2132 est
1203 2094 1334 2148 prima

177 2164 321 2205 Graeci
366 2163 561 2204 sermonis
596 2168 730 2213 aetas,
764 2164 807 2204 in
838 2178 920 2219 qua
953 2179 974 2205 a
1012 2164 1243 2219 primordiis
1280 2167 1331 2208 ad

176 2237 362 2278 amissam
397 2235 626 2278 libertatem
662 2236 802 2292 lingua
843 2237 1029 2291 vivebat,
1072 2238 1128 2279 nil
1168 2239 1210 2279 in
1247 2254 1333 2282 sese

172 2308 392 2353 admittens
419 2310 494 2353 nisi
533 2310 645 2367 quod
683 2325 828 2353 sanum
859 2312 1229 2369 incorruptumque
1258 2327 1329 2355 es-
