1572 2801
742 208 800 251 46

165 337 370 384 λοικιῖζοντες
395 331 579 390 λέγουσιν,
604 337 710 376 unde
735 339 962 377 coniectura
987 340 1072 378 fieri
1095 349 1224 394 potest
1248 344 1298 383 de
1312 345 1356 383 iis

164 403 419 449 soloecismis,
451 416 552 455 quos
575 404 645 441 iste
673 403 712 441 in
728 403 890 456 reliquis
911 417 1074 458 arguere
1100 408 1253 447 soleret.
1281 409 1353 448 Ri-

162 470 298 506 demus
313 481 421 506 nunc
436 468 633 506 hominem
648 498 657 514 ,
687 469 755 519 qui
777 473 841 506 νῶϊ
863 472 965 508 τοῦτο
989 469 1093 510 δοκεῖ
1105 475 1278 523 potuerit
1298 475 1353 512 di·

161 546 250 571 cere
265 548 307 585 p.
322 533 413 573 567.
434 534 609 572 ridemus
623 536 815 587 pleraque
829 536 904 574 alia
918 566 926 582 ‚
959 549 1092 576 verum
1106 550 1167 577 res
1192 546 1247 577 est
1272 546 1351 578 tam

162 611 308 649 anceps
331 604 368 635 et
392 598 545 636 lubrica
570 599 672 636 bene
688 598 837 637 Graece
850 600 1036 647 scribere,
1064 609 1107 640 ut
1128 616 1245 643 nemo
1270 619 1350 643 um·

159 676 281 714 quam
309 676 383 701 nec
409 664 671 701 recentiorum
687 692 696 708 ‚
727 675 801 701 nec
827 669 1024 711 veterum,
1052 669 1123 717 qui
1150 669 1349 721 antiquio-

160 744 243 769 rem
278 742 495 768 sermonem
531 729 706 767 Atticum
742 730 882 768 imitari
921 732 1109 780 voluerit,
1150 736 1241 774 satis
1277 736 1351 775 sibi

159 796 210 834 ab
248 795 424 833 ridiculis
457 802 495 833 et
534 795 733 847 pudendis
767 796 965 835 erroribus
995 800 1167 849 potuerit
1194 812 1347 840 cavere.

158 862 307 901 Omitto
334 862 571 900 recentiores
593 868 631 900 et
660 863 845 913 aequales
871 870 1045 911 nostros,
1076 866 1146 918 qui
1174 868 1350 907 carmina

159 928 309 966 Graeca
351 935 532 979 pangunt
578 941 684 979 quae
726 942 859 980 neque
898 929 1047 969 Graeca
1087 939 1176 970 sunt
1216 946 1349 985 neque

157 995 344 1032 carmina.
375 993 425 1030 At
451 993 650 1031 Lucianus
670 994 755 1045 ipse
781 1007 886 1045 quae
910 995 951 1032 in
970 996 1185 1036 Soloecista
1212 1010 1346 1049 repre-

155 1060 291 1098 hendit
323 1059 416 1097 vitia
450 1059 632 1104 dicendi,
674 1072 791 1111 saepe
823 1060 915 1098 alibi
941 1063 1177 1101 commisisse
1205 1064 1347 1114 depre-

156 1125 357 1162 henditur.
388 1124 494 1172 Quin
520 1125 636 1162 etiam
665 1125 705 1161 in
729 1125 796 1162 illo
829 1126 916 1177 ipso
943 1126 1107 1179 Dialogo
1129 1134 1168 1166 et
1201 1129 1347 1167 Lucia-

156 1203 230 1228 nus
269 1196 305 1226 et
351 1189 552 1235 Socrates,
601 1203 721 1241 quem
760 1189 962 1237 celebrat,
1009 1192 1106 1231 dum
1156 1195 1347 1246 castigant

157 1257 270 1299 alios,
301 1255 374 1305 ipsi
405 1256 443 1292 in
465 1256 664 1292 nonnullis
692 1256 861 1306 graviter
888 1256 1093 1295 labuntur:
1119 1258 1171 1302 τίς
1200 1259 1273 1313 γὰρ
1299 1260 1343 1299 ἂν

156 1321 367 1377 ἀποκριθείη
396 1335 449 1358 σοι
460 1352 475 1371 ,
513 1321 567 1357 ait
597 1320 779 1359 Socrates
802 1336 842 1374 p.
869 1322 963 1360 561.
993 1323 1124 1373 atqui,
1163 1336 1187 1363 ο
1212 1324 1342 1381 hone,

155 1391 394 1446 ἀποκριθῆναι
424 1400 498 1439 pro
524 1387 797 1444 ἀποκρίνασθαι
831 1401 912 1426 non
938 1390 1061 1442 magis
1085 1389 1260 1428 Atticum
1287 1397 1343 1429 est

154 1472 276 1510 quam
313 1456 444 1498 πηνίκα
471 1468 544 1506 pro
569 1457 680 1506 πότε,
708 1455 819 1507 quod
852 1461 895 1493 tu
921 1456 1189 1508 reprehendis.
1230 1457 1340 1497 Idem

156 1540 198 1577 p.
234 1522 322 1563 570.
365 1522 604 1568 ἀττικίζοντος
630 1519 674 1559 δέ
701 1535 789 1566 τινος
815 1519 874 1559 καὶ
909 1520 1071 1567 τεθνήξει
1106 1521 1258 1568 εἰπόντος
1282 1523 1340 1563 ἐπὶ

161 1597 223 1632 τοῦ
261 1592 404 1647 τρίτου,
445 1587 610 1640 βέλτιον,
649 1589 739 1642 ἔφη,
782 1586 842 1626 καὶ
878 1586 1039 1627 ἐνταῦθα
1073 1590 1122 1642 μὴ
1151 1589 1339 1638 ἀττικιζειν

157 1660 422 1714 καταρώμενον.
466 1654 551 1690 Imo
580 1666 673 1691 vero
709 1654 859 1705 optime
893 1654 983 1698 ille,
1021 1655 1201 1706 quisquis
1238 1657 1337 1704 fuit,

150 1740 242 1766 nam
271 1723 390 1763 Attici
419 1735 440 1759 a
471 1721 629 1763 τέθνηκα
659 1726 698 1758 et
723 1722 836 1765 ἕς-ηκα
869 1720 1088 1760 formarunt
1113 1721 1276 1771 τεθνήξω
1301 1731 1339 1764 et

154 1791 271 1838 ἑς-ήξω
285 1821 300 1841 ,
327 1801 408 1826 non
435 1793 479 1823 ut
506 1787 618 1823 multi
646 1786 897 1824 Grammatici
926 1792 964 1823 et
986 1787 1170 1826 Socrates
1194 1790 1336 1840 opina·

153 1857 319 1901 bantur,
351 1851 586 1906 τεθνήξομαι.
630 1852 731 1890 Rem
758 1852 976 1891 conficiunt
998 1853 1209 1893 Poetarum
1237 1856 1336 1904 loci,

153 1923 298 1974 quibus
335 1922 425 1959 solis
449 1921 490 1958 in
525 1920 749 1957 huiusmodi
777 1933 820 1957 re
851 1920 1076 1964 fidendum,
1121 1928 1163 1959 ut
1189 1921 1337 1961 Aristo-

151 1988 295 2043 phanis
321 1988 362 2025 in
394 1985 712 2024 Acharnensibus
733 2000 770 2023 v.
799 1984 878 2023 325
902 1985 972 2024 Ed⁴
1007 1986 1121 2026 Dind.

266 2056 314 2100 ὡς
342 2053 509 2100 τεθνήξων
536 2053 600 2092 ἴσθι
627 2053 711 2092 νυνί.
745 2076 795 2082 —-
822 2052 997 2107 δήξομᾶρ’
1025 2054 1118 2108 ὑμᾶς
1142 2055 1227 2108 ἐγώ.

153 2122 291 2160 confer
317 2121 358 2158 in
394 2119 530 2158 eadem
565 2118 698 2157 fabula
739 2132 792 2158 VS.
823 2117 919 2158 590.
946 2119 1066 2173 Vesp.
1098 2120 1193 2159 654.
1232 2121 1335 2161 Nub.

159 2188 261 2227 1436
291 2200 382 2225 cum
409 2186 591 2223 Elmsleio
620 2185 670 2223 ad
694 2185 867 2223 Acharn.
896 2200 936 2237 p.
964 2186 1029 2224 56.
1060 2186 1278 2240 Aeschylus
1299 2189 1340 2228 in

154 2255 445 2306 Agamemnone
472 2265 525 2289 vs.
556 2251 671 2291 1279.

344 2322 382 2361 οὐ
411 2322 482 2374 μὴν
509 2320 634 2374 ἄτιμοί
653 2319 688 2373 γ’
718 2319 756 2359 ἐκ
784 2318 867 2359 θεῶν
895 2316 1123 2371 τεθνήξομεν.
