1572 2801
726 205 783 248 87

157 339 333 392 reliquiis
356 340 491 378 veteris
518 340 735 391 scripturae
759 347 969 392 corruptae
992 348 1032 380 et
1054 342 1215 380 mutilae
1238 343 1338 380 eruit

157 406 304 445 Bakius
325 405 446 444 haec:
475 406 671 462 ἀςρατείας
695 405 757 459 μὲν
775 409 829 445 ὅτι
847 408 1050 461 καταλεγεὶς
1077 409 1123 448 οὐ
1160 414 1337 466 παρῆν,

159 471 439 520 λιποταξίου
475 472 513 513 δ’
549 476 619 513 ὅτι
646 473 709 513 οὒκ
739 471 874 519 ἐξῆλθε
905 473 979 527 μεθ’
1000 473 1098 527 ὑμῶν
1137 490 1335 531 ςρατευ-

159 541 344 593 ομένων.
397 541 518 592 Magis
541 542 658 578 etiam
684 540 804 577 miror
830 554 870 590 p.
902 539 978 578 140
999 539 1087 590 (341
1120 541 1183 591 B.)
1211 556 1335 593 quum

157 606 315 658 vulgata
339 606 456 643 lectio
482 611 598 643 esset:
627 603 852 644 οὐδεπώποτε
878 605 1146 651 ὁπλιτεύσαντες
1175 606 1335 646 ἱππεύ-

160 685 329 716 σαντες
356 670 408 710 δέ
434 670 595 721 probari
621 670 800 708 Bekkero
828 672 998 722 potuisse
1021 672 1216 710 infelicem
1237 673 1340 710 eius·

159 736 248 774 dem
264 735 430 773 hominis
447 735 730 773 correctionem
744 737 881 791 ἔφιπποι
893 734 937 774 δὲ
951 739 1044 780 ὄντες
1052 767 1068 786 ,
1084 735 1197 786 quod
1213 748 1339 786 paene

159 800 371 839 ridiculum
396 806 466 837 est.
496 814 537 851 p.
569 798 639 837 l4l
674 798 774 850 (343
797 799 860 849 Β.)
892 812 965 851 pro
991 799 1051 838 καὶ
1082 802 1140 839 ὅτε
1166 800 1232 852 μὲν
1252 802 1337 847 παῖς

156 865 197 911 ἦν
226 869 323 906 οὔπω
357 863 462 910 δῆλος
493 863 534 907 ἧν
566 865 680 909 ὁποῖός
712 878 763 910 τις
791 867 871 909 ἕςαι
905 871 1106 903 corrector
1135 879 1343 917 perperam

156 933 222 972 καί
241 932 385 970 inserto
410 930 503 983 legit
528 932 611 976 παῖς
633 928 674 974 ἧν
701 929 761 969 καὶ
786 932 883 970 οὔπω
908 929 1018 977 δῆλος
1040 929 1080 974 ἦν
1091 963 1106 982 ,
1135 932 1247 982 quod
1271 944 1341 969 au-

157 1012 239 1037 rem
266 998 442 1036 offendit.
484 998 618 1035 Melius
645 1004 848 1049 potuerat:
883 1000 967 1042 παῖς
998 1002 1059 1037 ὥν.
1092 997 1186 1035 ibid.
1220 1001 1341 1038 οὔκουν

157 1063 266 1104 δεινὸν
274 1074 307 1116 ,’
329 1060 358 1102 ὦ
394 1061 519 1118 ἄνδρες
548 1060 725 1113 δικαςαί,
767 1062 907 1108 τούτους
938 1063 1001 1116 μὲν
1038 1066 1145 1109 οὕτως
1182 1064 1342 1118 εὐτυχεῖς

159 1132 243 1171 εἶναι
268 1130 335 1174 ὦς’
360 1128 504 1169 ἐπειδὰν
532 1127 843 1184 ἐξαμαρτάνοντες
868 1129 1036 1184 ληφθῶσι
1061 1130 1124 1169 διὰ
1154 1132 1193 1169 τὸ
1221 1133 1340 1172 αὐτῶν

161 1200 256 1251 γένος
295 1198 482 1243 σώζεσθαι
492 1226 508 1247 ,
548 1196 645 1247 ἡμᾶς
682 1194 749 1246 δέ,
788 1196 816 1234 εἰ
851 1194 1126 1250 ἐδυς-υχήσαμεν
1163 1197 1226 1235 διὰ
1264 1197 1343 1243 τοὺς

160 1264 269 1307 οὕτως
295 1252 551 1305 ἀτακτοῦντας·
565 1259 700 1312 μηδένα
725 1261 770 1299 ἂν
800 1260 982 1301 δύνασθαι
1008 1263 1111 1318 παρὰ
1137 1267 1207 1301 τῶν
1238 1263 1341 1303 πολε-

162 1330 248 1383 μίων
272 1327 536 1375 ἐξαιτήσασθαι
572 1326 677 1379 μηδ’
713 1327 767 1366 ἂν
795 1328 859 1372 τὰς
885 1333 956 1367 τῶν
980 1329 1159 1382 προγόνων
1183 1330 1315 1384 ἀρετάς
1325 1363 1340 1383 ,

161 1396 328 1433 correxit
351 1394 444 1448 μηδὲ
463 1392 527 1431 διὰ
554 1395 643 1443 τάς,
672 1393 712 1429 in
735 1405 818 1443 quo
837 1391 902 1431 διά
926 1406 1060 1431 verum
1088 1406 1167 1431 esse
1189 1401 1340 1445 potest,

160 1459 253 1516 μηδέ
283 1461 453 1498 alienum
492 1464 569 1504 est,
610 1458 945 1509 quemadmodum
980 1461 1025 1498 ἅν
1062 1459 1103 1496 in
1135 1460 1271 1511 μηδένα
1300 1462 1344 1501 ἂν

164 1528 360 1568 δύνασθαι.
403 1527 497 1577 Ρᾶὸτ.
517 1525 594 1563 142
609 1523 720 1575 (344.
737 1524 809 1573 B.)-
826 1523 913 1563 πολὺ
933 1524 1074 1577 μᾶλλον
1096 1525 1214 1570 αὐτοῖς
1238 1542 1345 1582 προσ-

161 1599 236 1638 ήκει
275 1597 345 1632 τῶν
384 1591 553 1632 λιπόντων
593 1591 657 1632 τὴν
695 1586 799 1635 τάξιν
839 1591 1047 1643 κατηγορεῖν
1082 1590 1103 1631 ἢ
1140 1590 1229 1647 ὑπὲρ
1274 1597 1344 1632 τῶν

161 1661 320 1700 τοιούτων
353 1657 638 1709 ἀπολογεῖσθαι,
687 1655 854 1692 correxit
895 1654 982 1710 ὑπὲρ
1027 1657 1156 1695 τούτων
1195 1665 1233 1695 et
1268 1661 1344 1697 vim

159 1725 371 1765 sententiae
403 1723 528 1773 fregit.
560 1721 697 1757 melius
715 1719 898 1768 λειπόντων
925 1720 1146 1771 scripsisset.
1177 1722 1271 1759 ibid.
1297 1724 1342 1762 ἂν

159 1794 208 1845 μὴ
230 1787 462 1836 ἀποδείξωσιν
485 1810 537 1817 --
565 1786 612 1831 ὡς
639 1784 884 1841 ἐςρατεύσατο
911 1783 946 1823 ἐν
969 1783 1039 1830 τοῖς
1070 1786 1229 1833 ὁπλίταις
1251 1790 1272 1831 ἢ
1296 1791 1343 1836 ὡς

161 1859 313 1900 ἱππεύειν
338 1854 665 1909 δεδοκιμασμένος,
709 1851 923 1889 admodum
957 1852 1163 1891 infeliciter
1199 1855 1343 1895 adiecit

159 1925 209 1962 de
223 1936 294 1962 suo
320 1921 418 1972 ἐςίν,
444 1933 491 1959 ac
514 1917 769 1971 praeter-vidit
787 1918 1107 1968 simplicissimam
1131 1923 1344 1960 correctio-

159 2002 265 2028 nem:
297 1988 445 2028 ἱππεύει.
487 1985 615 2025 Paulo·
634 1990 740 2037 post:
767 1982 828 2023 ἐὰν
853 1982 895 2024 δὲ
916 1984 1027 2037 μηδὲν
1049 1987 1189 2038 ἔχοντες
1210 1986 1344 2029 δίκαιον

162 2056 345 2096 κελεύωσιν
376 2055 473 2107 αὐτῷ
503 2053 740 2107 ὀργίζεσθαι,
776 2052 978 2103 μεμνῆσθαι
1009 2057 1082 2105 χρή
1115 2054 1189 2093 κτὲ.
1222 2069 1346 2106 quum

163 2123 205 2161 in
246 2121 364 2160 codd.
407 2120 573 2158 serretur
611 2118 730 2155 lectio
770 2116 870 2156 αὐτοὶ
910 2118 1121 2174 ὀργίζεσθαι
1158 2124 1343 2159 correxit:

164 2188 265 2228 αὐτοὶ
295 2187 514 2243 ὀργίζεσθε,
535 2186 737 2237 μεμνῆσθαι
769 2182 811 2223 δὲ
845 2189 932 2239 χρή.
988 2186 1157 2224 Facilius
1190 2186 1349 2224 credam

163 2254 344 2293 Dobraeo
371 2254 508 2291 dixisse
538 2252 714 2301 Lysiam:
750 2250 935 2289 κελεύωσιν
960 2250 1079 2296 αὐτοῖς
1109 2251 1343 2304 χαρίζεσθαι.

164 2320 258 2371 Pag.
294 2317 369 2356 142
400 2316 509 2369 (345.
537 2313 602 2367 B.)
642 2310 739 2360 οὗτος
765 2315 839 2370 γὰρ
867 2317 951 2359 παῖς
976 2315 1039 2368 μὲν
1066 2315 1112 2354 ὢν
1145 2315 1232 2370 παρ’
1260 2316 1345 2373 Ἀρ-
