1572 2801
779 208 832 252 11

231 345 403 404 propius
435 342 723 386 accedentibus
754 348 796 386 et
820 344 1073 400 antiquitatis
1093 343 1272 386 colorem
1303 349 1389 386 arte

233 417 403 460 feliciter
424 415 708 470 reddentibus,
733 416 823 458 aliis
845 416 898 457 ad
919 416 1152 473 aequalium
1175 421 1216 459 et
1237 417 1389 458 civium

231 489 432 549 plebeiam
451 490 726 533 humilitatem
748 496 821 533 aut
844 492 1031 548 ineptum
1055 490 1217 533 inflatae
1240 492 1387 534 oratio·

232 564 295 607 nis
329 570 532 606 tumorem
567 562 867 605 delabentibus.
918 564 1104 620 Regnare
1134 564 1267 620 coepit
1297 564 1390 604 imi·

230 636 330 679 tatio
356 634 570 691 languida,
597 634 843 692 plerumque
866 636 1040 690 insulsa,
1069 650 1145 678 nec
1166 635 1251 678 fere
1277 636 1388 678 ultra

231 706 354 751 'verba
385 706 630 763 dicendique
661 707 860 749 formulas
889 708 1115 764 procedens
1146 713 1187 750 et
1216 714 1388 749 consuta

233 795 256 824 e
282 780 448 838 pannis,
472 793 577 836 quos
606 778 809 821 veteribus
830 779 1099 838 scriptoribus
1126 780 1390 838 impudenter

230 861 272 898 et
300 856 437 911 inepte
462 852 751 909 sublegebant:
785 854 865 896 hoc
894 854 1050 896 malum
1081 856 1123 896 in
1148 854 1256 896 diem
1288 854 1387 910 glis-

226 942 333 971 cere:
375 927 447 983 qui
493 926 614 969 docte
655 925 832 969 scribere
872 926 1065 969 volebant
1104 926 1386 969 obsoletorum

228 999 449 1043 verborum
470 998 683 1053 cadavera,
701 1003 748 1040 ut
769 999 824 1040 ita
847 998 999 1052 dicam,
1017 999 1385 1054 effodiebant„aut

228 1070 513 1131 procudebant
548 1084 654 1111 nova
692 1069 744 1111 ad
779 1083 939 1112 omnem
971 1062 1179 1126 analogiae
1209 1071 1384 1113 formam

226 1145 438 1188 deficiente
485 1143 653 1203 pulchri
704 1156 825 1184 sensu
880 1143 1185 1199 elegantiaeque
1231 1150 1385 1187 temere

223 1218 376 1262 efficta:
415 1217 512 1260 hinc
550 1215 750 1274 paulatim
780 1215 881 1273 quid
908 1215 1012 1258 bene
1040 1216 1243 1259 Graecum
1280 1223 1385 1260 esset

224 1291 326 1349 quid
365 1305 450 1333 non
484 1297 588 1332 esset
623 1289 748 1345 vulgo
778 1288 957 1330 dubitari
982 1293 1024 1330 et
1053 1290 1230 1345 ignorari
1260 1304 1383 1347 coep-

221 1371 311 1407 tum
348 1369 409 1405 est
443 1377 518 1405 nec
552 1362 773 1403 doctissimi
811 1362 968 1417 quique
990 1361 1096 1402 hanc
1120 1361 1254 1403 labem
1278 1362 1379 1405 effu·

222 1437 402 1495 giebant:
438 1449 598 1478 morosa
629 1434 927 1477 nonnullorum
958 1435 1148 1476 severitas
1176 1434 1383 1478 indoctam

222 1510 479 1567 reliquorum
511 1509 777 1550 temeritatem
806 1521 891 1549 non
916 1512 1078 1548 tantum
1103 1511 1186 1548 nOn
1218 1522 1382 1551 coerce-

220 1583 312 1638 hat,
358 1581 429 1624 sed
460 1581 634 1624 faciebat
675 1580 957 1632 audaciorem3
998 1595 1092 1622 nam
1130 1580 1202 1636 qui
1237 1581 1386 1623 acriter

223 1670 320 1697 cum
363 1655 610 1696 soloecismis
654 1653 763 1695 bella
799 1653 994 1708 gerebant
1035 1653 1248 1709 magistelli
1284 1668 1382 1696 cum

224 1728 308 1769 suis
330 1727 490 1783 ineptiis
513 1725 902 1777 contemnebantur3
931 1725 1215 1767 deficientibus
1246 1726 1381 1767 sanio-

222 1800 337 1843 ribus
367 1799 517 1842 criticis
547 1798 599 1841 ad
629 1799 767 1841 inanes
796 1798 1130 1855 quaestiunculas
1158 1804 1200 1841 et
1230 1798 1382 1842 futilis-

222 1873 343 1915 simas
371 1871 665 1913 controversias
699 1870 973 1912 Grammatica
1008 1885 1074 1912 ars
1107 1871 1273 1929 delapsa
1305 1879 1381 1916 est.

168 1975 171 1978 ,
222 1945 377 1988 Interea
394 1942 601 1986 crescebat
620 1942 847 1997 barbaries,
865 1949 972 1986 artes
988 1950 1029 1986 et
1047 1943 1188 1986 literae
1208 1945 1249 1987 in
1265 1959 1381 1988 com-

218 2017 334 2061 muni
344 2017 526 2060 omnium
542 2016 651 2059 senio
664 2021 705 2059 et
717 2022 880 2058 veterno
893 2015 1186 2059 moriebantur.
1198 2017 1378 2061 Tandem

222 2090 445 2133 succubuit
473 2089 658 2141 Graecia,
690 2088 965 2144 profugerunt
999 2091 1120 2144 pauci
1151 2104 1248 2131 cum
1277 2092 1378 2132 reli-

218 2163 326 2220 quiis
358 2161 564 2204 saniorum
596 2160 832 2216 temporum
863 2159 905 2200 in
938 2158 1118 2214 Italiam,
1157 2161 1229 2203 ubi
1265 2177 1381 2205 rena-

217 2235 269 2276 tis
310 2234 538 2276 Literarum
575 2231 721 2274 studiis
752 2231 985 2274 humanitas
1012 2247 1036 2275 e
1068 2233 1246 2277 tenebris
1286 2235 1382 2279 lon-

219 2323 353 2366 goque
384 2320 529 2350 somno
561 2305 679 2349 rediit
706 2307 747 2349 in
778 2305 912 2349 lucem
950 2306 1170 2365 vitamque.
