1572 2801
765 215 821 285 19

199 350 369 394 fortasse
395 347 632 405 reperienda
664 362 789 405 quam
827 349 931 390 veris
963 354 1003 391 et
1034 350 1155 392 certis
1192 350 1293 393 falsa
1320 355 1362 392 et

198 426 335 479 inepta
367 422 575 465 miscendo
610 423 934 477 committamus,
967 428 1014 464 ut
1044 425 1178 466 omnia
1205 425 1360 481 pariter

200 496 304 539 levia
333 510 380 539 ac
412 494 504 537 vilia
535 494 649 537 fiant.

258 568 378 612 Alius
412 574 474 610 est
506 567 870 623 interpretantibus
899 568 1098 624 scopulus
1123 570 1352 615 multorum

201 641 423 697 naufragiis
455 640 636 695 infamis,
669 641 736 683 cui
766 655 818 683 ne
846 641 1123 698 impingamur
1148 658 1196 685 co
1228 648 1355 703 magis

199 715 428 756 cavendum
473 720 558 768 est,
606 715 703 770 quia
746 714 918 770 placidis
961 714 1088 757 latere
1131 717 1235 758 solet
1276 721 1355 762 sub

198 788 333 844 aquis:
363 802 431 830 eos
470 788 583 830 locos
613 787 726 842 dico,
758 787 831 845 qui
862 787 990 844 ipsius
1020 788 1230 846 scriptoris
1261 793 1358 836 vitio

198 867 307 904 recte
335 862 508 918 intelligi
535 868 576 904 et
602 861 797 918 explicari
823 875 907 903 non
933 867 1120 918 possunt.

256 934 417 977 Accidit
444 935 524 977 hoc
550 949 642 977 raro
673 934 715 976 in
739 934 940 990 antiquis,
971 935 1123 992 passim
1150 936 1193 977 in
1220 951 1357 980 recen-

197 1007 373 1049 tioribus
415 1008 652 1061 Graeculis,
703 1014 751 1049 ut
796 1007 896 1049 dum
942 1008 1114 1050 nimium
1162 1011 1356 1052 orationis

197 1080 407 1137 splendori
441 1087 483 1123 et
509 1079 831 1137 magnificentiae
859 1078 1066 1135 tribuant,
1098 1080 1150 1123 de
1186 1088 1356 1126 senten-

196 1155 250 1195 tia
283 1154 419 1195 minus
445 1153 635 1194 laborent
666 1166 713 1194 ac
746 1151 868 1194 verba
898 1166 1115 1195 numerosa
1140 1159 1182 1196 et
1209 1156 1359 1198 modu-

194 1228 277 1269 lata
312 1226 529 1269 fundentes
559 1239 707 1282 parum
744 1231 816 1265 aut
844 1223 947 1265 nihil
974 1224 1033 1266 ab
1067 1227 1205 1268 avium
1232 1234 1357 1271 cantu

194 1299 399 1341 differant.
448 1296 611 1339 Habent
637 1296 716 1338 hoc
744 1296 880 1352 Lyrici
911 1299 1057 1352 poetae
1081 1299 1288 1341 interdum
1316 1307 1358 1343 et

193 1372 353 1428 Tragici
390 1372 433 1412 in
469 1368 624 1410 melicis
654 1368 877 1409 chororum
914 1368 1187 1425 carminibus,
1229 1378 1276 1413 ut
1310 1373 1353 1415 in

192 1449 306 1485 tanto
337 1444 476 1485 furore
502 1446 543 1482 et
573 1445 687 1482 aestu
716 1440 880 1496 poetico
911 1440 960 1480 iis
989 1441 1148 1483 excidat
1181 1443 1356 1487 subinde

192 1515 371 1572 aliquid,
403 1514 516 1571 quod
546 1528 661 1557 mens
687 1512 824 1556 sedata
855 1517 896 1555 et
926 1516 1151 1572 composita
1175 1526 1352 1575 nequeat

190 1590 434 1647 perspicere.
496 1588 636 1644 Longe
668 1587 826 1629 diversa
855 1592 915 1629 est
949 1588 1249 1632 Graeculorum
1280 1607 1353 1634 re-

189 1663 418 1719 centiorum
459 1662 583 1715 ratio,
632 1660 705 1716 qui
747 1660 897 1715 ingenii
939 1661 1119 1717 inopiam
1149 1667 1190 1704 et
1221 1663 1352 1720 frigus

190 1734 402 1776 vocabulis
434 1734 590 1776 sonoris
620 1737 661 1775 et
693 1747 811 1774 aures
841 1733 1110 1788 implentibus
1146 1749 1350 1791 compen-

191 1822 279 1849 sare
311 1812 513 1849 conantur
542 1810 827 1849 connectentes
858 1806 963 1847 inter
996 1819 1038 1847 se
1069 1807 1348 1863 antiquiorum

192 1880 359 1922 lacinias
393 1885 434 1922 et
465 1880 610 1922 veteris
641 1879 806 1934 linguae
842 1878 1054 1934 reliquiaS,
1087 1881 1221 1922 anima
1252 1896 1350 1924 sen,

189 1967 321 2009 suque
343 1958 546 2006 carentes,
567 1953 706 1994 inanes
728 1951 881 2007 species
906 1950 989 1992 sine
1008 1950 1203 2007 pondere.
1237 1954 1348 1998 Haec

189 2026 262 2082 qui
288 2040 437 2081 magno
470 2027 561 2067 nisu
592 2030 634 2067 et
663 2024 904 2067 eruditionis
936 2025 1074 2080 copias
1104 2026 1346 2083 explicando

187 2101 311 2142 severi
343 2114 391 2142 ac
421 2101 555 2142 tristes
587 2103 778 2141 enarrant
809 2097 980 2140 videant
1002 2113 1053 2141 ne
1081 2100 1232 2142 similes
1266 2102 1346 2143 sint

123 2181 134 2198 ²
183 2174 256 2227 iis,
287 2174 360 2230 qui
384 2174 426 2215 in
456 2174 671 2230 strepitosa
700 2173 1013 2228 compotationis
1040 2172 1241 2214 hilaritate
1266 2174 1343 2215 soli

142 2291 146 2294 ,
188 2260 272 2287 non
298 2246 551 2289 incalescunt
574 2250 615 2288 et
636 2260 684 2288 ex
703 2244 857 2287 facetiis
877 2259 924 2287 ac
941 2245 1039 2287 iocis
1063 2245 1197 2287 nescio
1219 2260 1344 2301 quem

188 2316 426 2361 abstrusum
443 2324 486 2362 et
500 2318 758 2362 reconditum
775 2332 939 2362 sensum
964 2318 1237 2376 expiscantur.
1274 2320 1342 2362 Sa-
