1572 2801
715 205 775 250 29

167 353 325 392 mores,
372 338 587 392 religiones
621 342 781 379 tantum
815 351 1010 393 umquam
1043 336 1220 380 efficient
1245 336 1328 379 dis-

169 414 345 464 crimen,
387 415 433 452 ut
472 410 595 452 homo
638 410 844 452 hominem
881 410 1043 466 penitus
1081 422 1326 465 cognoscere

174 499 258 536 non
287 484 426 540 possit.
472 482 620 525 Animo
651 489 692 525 et
718 483 961 538 cogitatione
998 496 1077 523 una
1109 481 1327 523 vivendum

169 555 576 613 colloquendumque
622 569 718 596 cum
757 555 804 595 iis
847 559 926 607 est,
969 568 1073 611 quos
1103 553 1329 609 intelligere

170 634 213 672 et
256 630 404 671 imitari
441 627 617 670 studeas.
689 627 975 678 Contrahenda
1020 642 1116 671 cum
1159 626 1331 683 singulis

175 700 338 743 assidua
382 700 554 742 lectione
599 702 740 742 notitia
781 707 842 743 est
882 707 922 743 ct
962 701 1236 753 familiaritas,
1283 705 1331 741 ut

173 774 301 816 veluti
346 773 562 828 loquentes
602 774 742 816 audias
784 780 825 817 et
870 788 1060 832 praesens
1101 777 1331 830 praesentes

149 846 379 887 -intuearis.
443 845 502 886 Ita
534 848 781 902 perspicitur
815 849 1016 903 cuiusque
1046 847 1255 902 ingenium
1291 849 1332 887 et

171 917 349 971 indoles,
393 919 447 959 ita
488 918 674 961 homines
712 934 830 963 nosse
862 920 1056 962 discimus
1092 924 1132 961 et
1171 932 1330 974 sapere,

172 990 287 1047 quod
313 1006 396 1033 non
419 996 578 1034 tantum
602 998 710 1036 recte
736 992 938 1035 scribendi
957 992 1026 1035 sed
1042 993 1163 1033 etiam
1181 990 1332 1046 scripta

174 1069 284 1106 recte
307 1064 558 1119 intelligendi
590 1065 681 1107 fons
710 1071 770 1108 est
798 1072 839 1108 et
866 1066 1127 1122 principium.
1174 1064 1234 1106 Ita
1261 1062 1331 1104 de-

132 1176 136 1179 .
174 1151 289 1179 mum
319 1136 420 1192 quid
446 1136 580 1179 dicere
606 1138 670 1180 vel
698 1140 877 1195 cogitare
902 1139 1051 1195 aliquis
1079 1152 1163 1179 non
1191 1141 1334 1193 potue-

174 1211 250 1263 rit,
282 1209 382 1264 quid
415 1214 556 1251 contra
586 1225 609 1251 e
645 1225 757 1265 more
788 1225 863 1252 suo
894 1225 942 1252 ac
971 1215 1117 1252 natura
1147 1207 1336 1251 debuerit

172 1296 197 1324 e
235 1281 410 1337 vestigiis
450 1281 765 1338 depravatorum
818 1282 1017 1324 librorum
1071 1287 1180 1323 certa
1233 1294 1333 1321 oor-
1379 1310 1382 1312 -

176 1356 354 1396 rectione
369 1360 504 1410 potest
523 1356 692 1396 restitui.
738 1354 798 1396 Ita
822 1354 989 1397 demum
1019 1358 1189 1410 apparet
1219 1351 1333 1394 aliud

177 1440 263 1468 esse
287 1427 460 1468 incertas
482 1427 735 1474 coniecturas
760 1428 977 1484 proiicere,
1003 1426 1117 1468 aliud
1143 1424 1333 1466 manifies-

173 1489 236 1539 t'as
266 1499 566 1541 emendationes
598 1501 786 1557 reperire.
848 1501 884 1542 O
914 1502 1075 1556 quoties
1100 1498 1335 1555 indignatus

176 1570 391 1627 languidas
430 1571 787 1629 interpolationes,
828 1587 933 1628 quae
974 1586 1230 1614 summorum
1271 1572 1335 1614 in-

174 1645 392 1700 geniorum
424 1644 614 1699 reliquias
640 1644 863 1701 deturpant
894 1645 1200 1687 exclamaveris:
1231 1643 1333 1686 hoc-

170 1718 265 1759 cine
297 1731 394 1773 ergo
428 1717 650 1758 Homerum
688 1722 762 1758 aut
790 1716 1106 1774 Aristophanem
1145 1722 1217 1758 aut
1243 1717 1334 1777 Pla·

177 1796 315 1832 tonem
353 1796 424 1832 aut
465 1790 776 1831 Demosthenem
816 1789 869 1831 ita
900 1790 1035 1832 dicere
1075 1791 1257 1846 potuisse
1291 1790 1334 1831 in

175 1863 358 1904 animum
379 1862 563 1904 homines
593 1861 861 1904 induxerunt!
903 1861 1086 1919 Apparet
1107 1877 1335 1918 numquam

176 1937 432 1991 cognovisse,
459 1950 581 1991 quem
609 1935 953 1978 tam·dissimilem
976 1937 1038 1977 sui
1058 1936 1225 1978 credant
1247 1950 1334 1979 esse

179 2021 320 2065 posse,
363 2014 410 2049 ut
451 2009 522 2064 qui
558 2008 601 2049 in
639 2008 727 2048 aliis
764 2007 822 2048 nil
862 2007 1055 2049 moliatur
1093 2008 1251 2065 inepte,
1293 2009 1335 2050 in

175 2081 266 2123 aliis
296 2082 472 2138 turpiter
502 2080 792 2122 hallucinetur.
853 2078 907 2121 At
936 2079 1105 2121 humani
1136 2081 1238 2123 nihil
1269 2096 1335 2124 ne-

181 2170 264 2211 que
291 2154 344 2197 ab
377 2168 462 2197 sese
491 2168 625 2210 neque
654 2152 706 2194 ab
736 2152 824 2194 ullo
854 2152 934 2194 alio
964 2152 1130 2196 homine
1157 2155 1336 2196 alienum

179 2239 267 2268 esse
311 2228 543 2284 putandum
575 2226 842 2283 respondent:
884 2241 1019 2268 errare
1062 2233 1102 2269 et
1144 2227 1225 2269 labi
1257 2227 1337 2269 hu-

179 2314 348 2342 manum
387 2316 472 2344 esse
507 2307 548 2345 et
585 2301 806 2343 dormitare
831 2300 1035 2343 interdum
1065 2301 1185 2343 etiam
1217 2315 1338 2358 prae-
