1572 2801
720 211 777 254 67

151 345 340 384 sententia
368 350 547 383 constare
575 355 656 382 non
684 345 826 397 possit,
857 356 939 395 quo
973 344 1080 383 sacto
1111 344 1237 383 aliena
1264 345 1336 383 ab·

147 411 265 449 surde
293 410 546 456 coaluerunt,
578 416 646 448 aut
673 423 747 462 pro
767 410 834 455 iis,
866 422 971 461 quae
993 410 1231 461 scripserunt
1258 412 1333 463 ipsi

148 483 319 523 veteres,
348 489 455 515 nunc
468 477 601 530 inepta
627 476 888 514 recentiorum
902 476 1176 527 supplementa
1197 477 1335 528 legan-

148 550 224 582 tur.
254 544 391 595 Neque
418 543 459 581 hi
481 543 559 580 loci
581 554 713 592 neque
738 542 795 579 illi
819 553 928 579 nunc
951 554 974 578 a
996 554 1203 593 quoquam
1223 548 1332 581 recte

147 610 308 661 intelligi
330 613 505 660 possunt.
541 606 697 645 Iudicio
718 612 756 644 et
776 619 893 645 sanae
911 608 1031 645 menti
1051 607 1105 645 vis
1126 607 1331 645 inferenda

147 681 203 713 est
230 680 272 712 ut
299 674 472 725 aliquem
492 685 645 711 sensum
672 672 864 710 extundas
893 685 941 710 ex
968 673 1013 710 iis
1048 672 1195 718 verbis,
1227 686 1332 724 quae

149 740 303 777 nullum
327 739 541 777 continent.
575 738 676 775 Hinc
695 738 808 775 multi
830 738 1046 776 istiusmodi
1065 739 1163 776 locis
1185 746 1336 777 utcum-

149 817 230 856 que
255 803 499 855 explicandis
533 804 738 840 assuefacti
765 803 957 853 paulatim
985 803 1143 841 discunt
1179 810 1334 841 senten-

149 858 305 907 tiam'de
327 882 402 906 suo
426 867 682 919 scriptoribus
708 859 838 918 largiri
851 883 873 911 ‚·
892 880 974 906 non
995 880 1042 906 ex
1059 881 1194 906 eorum
1213 869 1340 907 verbis

145 940 252 972 reete
279 933 484 972 intellectis
512 930 724 970 conficere.
767 931 834 969 Isti
860 931 989 970 hiatus
1013 940 1052 971 et
1074 934 1243 971 lacunae
1266 935 1337 972 du-

150 1000 246 1052 plici
279 999 359 1037 fere
393 997 512 1035 modo
545 998 640 1035 oriri
679 996 816 1034 solent.
870 995 950 1034 Aut
985 997 1027 1035 in
1063 1001 1340 1051 antiquissimis

152 1064 260 1102 libris
292 1064 558 1103 membranam
594 1066 725 1102 tineae
758 1070 1027 1115 peri-merant,
1072 1073 1141 1104 aut
1180 1069 1339 1105 macula

150 1131 211 1169 vel
246 1130 387 1169 mador
421 1131 573 1183 aliquot
611 1129 808 1169 vocabula
842 1130 903 1168 vel
937 1142 1069 1168 versus
1104 1131 1338 1179 hauserant,

150 1203 217 1234 aut
231 1180 328 1234 alius
343 1209 455 1234 casus
478 1197 652 1247 aliquam
670 1197 882 1234 sententiae
901 1203 1056 1247 partem
1077 1196 1336 1236 absumserat:

149 1263 220 1314 qui
245 1262 345 1301 haec
372 1263 515 1301 deinde
543 1261 819 1301 describebant
852 1261 999 1299 librarii
1024 1262 1196 1314 primum
1222 1265 1340 1301 relin-

149 1329 327 1378 quebant
365 1330 517 1381 aliquid
557 1329 695 1380 spatii,
736 1328 766 1366 si
806 1328 907 1366 forte
943 1329 1128 1367 alicunde
1165 1331 1341 1382 suppleri

149 1401 307 1445 possent
340 1407 444 1447 quae
472 1393 722 1432 exciderant:
753 1393 912 1430 tandem
944 1394 1033 1438 alii,
1063 1394 1139 1432 hac
1167 1408 1237 1445 spe
1266 1396 1339 1433 ab·

146 1459 248 1498 iecta
262 1489 271 1505 ‚
303 1474 408 1512 quae
426 1466 655 1512 supererant
673 1459 812 1498 eodem
827 1466 961 1497 tenore
983 1460 1097 1511 quasi
1119 1460 1339 1508 nihil-dees-

150 1529 207 1561 set
232 1525 540 1576 perscribebant.
579 1524 686 1562 Audi
701 1530 876 1562 veterem
899 1524 1102 1562 librarium
1125 1525 1225 1563 haec
1249 1539 1341 1564 can-

151 1590 244 1629 dide
271 1592 526 1631 confitentem
561 1592 603 1630 in
634 1590 837 1629 Plutarchi
873 1589 1013 1628 codice
1053 1590 1181 1644 Regio
1219 1592 1339 1630 Paris.

153 1654 249 1694 1671
289 1657 434 1694 saeculi
479 1656 600 1700 XIII,
643 1657 754 1693 cuius
800 1655 920 1693 verba
962 1657 1091 1693 attulit
1132 1657 1339 1696 Dfibnerus

150 1733 277 1771 nuper
298 1721 339 1759 in
365 1721 612 1773 praefatione
636 1720 686 1757 ad
708 1719 909 1757 Plutarchi
933 1719 1115 1759 Moralia:
1146 1720 1185 1759 τὸ
1206 1724 1338 1778 χωρίον

151 1790 254 1826 τοῦτο
288 1788 518 1842 ἀσαφές-ατόν
549 1786 605 1831 ἑςι
636 1785 699 1825 διὰ
732 1785 771 1825 τὸ
798 1786 981 1837 πολλαχοῦ
1014 1786 1257 1842 διαφθαρέντα
1291 1792 1339 1830 τὰ

150 1858 222 1894 τῶν
252 1854 413 1894 παλαιῶν
441 1855 664 1909 ἀντιγράφων
695 1852 745 1903 μὴ
782 1849 954 1891 δύνασθαι
985 1852 1108 1898 σώζειν
1142 1855 1207 1896 τὴν
1236 1856 1337 1894 συνέ-

152 1935 252 1973 χειαν
283 1925 344 1960 τοῦ
375 1922 495 1974 λόγου.
536 1918 595 1958 καὶ
633 1918 726 1958 εἶδον
761 1917 832 1971 ἐγὼ
870 1918 1029 1958 παλαιάν
1066 1919 1188 1971 βίβλον
1198 1954 1214 1972 ‚
1251 1921 1286 1960 ἐν
1313 1922 1337 1975 ᾗ

149 1987 334 2041 πολλαχοῦ
365 1987 609 2040 διαλείμματα
638 1984 678 2029 ἦν
700 1986 748 2031 ὡς
774 1987 825 2038 μὴ
853 1985 1066 2031 δυνηθέντος
1093 1991 1153 2027 τοῦ
1176 1992 1333 2043 γράφον-

147 2069 204 2099 τος
236 2054 345 2108 εὑρεῖν
380 2055 429 2093 τὰ
456 2054 620 2094 λείποντα
653 2053 859 2098 ἐλπίσαντος
891 2053 926 2091 δ’
961 2054 1042 2098 ἴσως
1081 2054 1233 2110 εὑρήσειν
1264 2057 1332 2095 ἀλ-

147 2119 278 2175 λαχοῦ.
307 2120 467 2161 ἐνταῦθα
489 2122 604 2174 μέντοι
632 2121 728 2158 κατὰ
751 2120 932 2171 συνέχειαν
954 2119 1095 2175 ἐγράφη
1125 2123 1172 2160 τὰ
1198 2122 1331 2161 διαλεί-

149 2202 263 2227 ποντα
284 2192 336 2241 τῷ
365 2189 488 2241 μηκέτι
513 2185 661 2232 ἐλπίδας
682 2187 765 2226 εἶναι
789 2186 837 2225 τὰ
860 2186 1023 2226 λείποντα
1049 2188 1327 2243 εὑρεθήσεσθαι.

136 2254 245 2302 ,τοῦτ’
274 2255 363 2294 αὐτὸ
402 2257 511 2295 τοίνυν
544 2255 619 2310 χρὴ
654 2254 740 2292 νοεῖν
777 2252 838 2291 καὶ
872 2258 1061 2306 πανταχοῦ
1096 2259 1157 2293 τοῦ
1190 2255 1329 2307 βιβλίου

148 2322 240 2361 ἔνθα
270 2336 320 2366 τις
352 2322 495 2364 τοιαύτη
519 2322 678 2377 ἀσάφεια
709 2319 919 2377 εὑρίσκεται.
951 2320 1059 2358 haud
1085 2321 1163 2359 vidi
1195 2324 1331 2375 magis.
