1572 2801
739 195 824 239 158

182 331 407 383 adscripsit:
436 328 575 375 καλῶςὶ
606 330 712 369 unde
744 343 852 369 nunc
883 331 992 382 apud
1018 331 1173 383 Lysia-m
1199 334 1358 386 legitur:

185 419 235 426 -
257 399 327 441 τοῖς
353 402 415 441 τῆς
441 396 560 448 ψυχῆς
590 395 863 449 ἐπιτηδεύμασιν
894 397 1023 436 ἰᾶσθαι
1049 397 1194 449 καλῶς,
1222 412 1362 450 quam-

179 475 302 516 quam
327 476 459 514 neque
484 463 604 509 καλῶς
629 464 844 502 sententiae
871 464 1053 503 convenit
1079 477 1210 516 neque
1231 465 1271 503 in
1298 478 1364 504 ex-

182 538 350 567 tremum
365 530 497 566 locum
511 534 666 580 poterat
680 529 802 566 reiici.
820 529 938 581 Apud
948 528 1229 580 Alciphronem
1240 530 1363 580 Epist.

180 596 254 634 111.
281 597 317 636 7.
347 596 541 648 parasitus
563 596 718 634 scribit:
747 595 803 635 οἶα
825 598 897 653 γὰρ
925 595 982 635 οἷα
1009 599 1147 649 πάσχει
1167 596 1215 635 τὰ
1241 595 1364 635 δίκαια

180 661 435 701 λακκόπλοντοι
455 662 667 718 εἰργάσαντό
690 677 733 715 με
760 662 867 708 ἄλλος
896 662 1057 702 ἄλλοθεν
1084 664 1233 717 περιττὰ
1260 664 1363 703 πίνειν

182 728 243 768 καὶ
274 728 414 769 πλείονα
446 729 468 772 ἢ
507 730 602 769 κατὰ
636 729 675 768 τὸ
707 730 809 775 κύτος
838 735 900 775 τῆς
926 730 1061 785 γας-ρὸς
1086 729 1217 769 ἐσθίειν
1249 731 1362 783 ἀναγ-

182 799 362 842 κάζοντες.
406 796 556 848 Nempe
577 797 616 833 in
642 796 865 847 antiquiore
894 796 1034 834 codice
1063 796 1161 834 haec
1189 797 1364 849 aliquan-

182 862 236 900 do
262 863 318 900 sic
344 863 493 914 scripta
520 863 700 900 fuerunt:

704 925 759 965 οἷα
786 927 858 981 γὰρ
884 927 914 964 Οἱ
941 939 1062 978 πάσχει
1082 940 1125 968 τὰ
1147 939 1262 968 δίκαια

346 992 601 1033 λακκόπλουτοι
628 992 843 1048 εἷργοὶσαντό
866 1007 910 1045 με

346 1059 452 1104 ἄλλος
479 1059 634 1098 ἄλλοθεν
662 1059 737 1099 κτὲ.

183 1125 505 1178 indignabundus
545 1126 764 1163 monachus
806 1126 899 1162 olim
947 1124 1171 1175 adscripsit:
1221 1127 1369 1163 merito

177 1191 397 1244 plectitur,
428 1191 570 1228 deinde
590 1191 772 1228 librarius
793 1191 934 1241 aliquis
954 1190 995 1227 id
1016 1189 1267 1240 Alciphronis
1291 1203 1370 1228 esse

182 1263 290 1295 ratus
315 1257 486 1307 recepit,
532 1256 645 1293 simul
677 1257 706 1294 οἱ
734 1262 887 1293 mutans
913 1256 953 1292 in
988 1253 1057 1293 οἷα.
1101 1255 1148 1292 ln
1175 1256 1371 1308 Euripidis

181 1322 462 1360 Andromache
487 1335 540 1361 vs.
568 1321 659 1360 240.
690 1336 750 1375 sq.

290 1388 417 1446 Ἀνδρ.
448 1389 511 1429 οὐκ
539 1385 584 1429 αὖ
610 1395 726 1443 σιωπῇ
754 1387 936 1444 Κύπριδος
963 1388 1129 1441 ἀλγήσεις
1155 1389 1265 1444 πτέρις

293 1456 372 1495 Ἑλ.
404 1457 443 1495 τί
465 1455 523 1507 δ’,·
551 1457 589 1496 οὐ
619 1455 755 1510 γυναιξὶ
782 1459 899 1495 ταῦτα
927 1460 1055 1511 πρῶτα
1083 1459 1271 1508 πανταχοῦ
1278 1474 1294 1507 ,-

184 1521 429 1573 adscriptum
465 1528 520 1559 est
553 1523 604 1560 ad
636 1524 754 1560 finem
791 1522 953 1559 secundi
984 1535 1115 1560 versus
1142 1523 1181 1560 in
1218 1527 1369 1560 vetusto

183 1588 385 1625 Marciano
415 1589 575 1626 codice:
616 1589 704 1628 ναί.
746 1588 857 1639 quod
884 1587 1095 1625 ridiculum
1126 1587 1369 1625 additamen-

185 1659 268 1690 tum
295 1666 340 1690 ex
369 1653 452 1690 aliis
477 1653 602 1692 Codd.
639 1653 863 1691 Dindorfius
885 1654 941 1690 ita
968 1653 1117 1704 recepit
1146 1659 1188 1690 ut
1213 1652 1369 1691 Andro-

182 1720 348 1758 machae
375 1720 486 1758 daret
513 1720 589 1758 sic:

329 1786 399 1824 ναί.

329 1853 449 1898 καλῶς
476 1867 516 1904 γε
544 1852 806 1906 χρωμέναισιν,
835 1851 864 1890 εἰ
890 1849 932 1889 δὲ
961 1852 1009 1903 μὴ
1037 1851 1075 1890 οὐ
1105 1852 1217 1891 καλοί.

185 1933 257 1958 nos
282 1920 533 1957 bellissimum
556 1931 784 1968 responsum
808 1918 930 1955 sciolo
956 1917 1175 1955 reddemus.
1215 1918 1260 1956 In
1286 1918 1369 1956 Pla-

186 1988 287 2025 tonis
322 1987 426 2038 Rep.
463 1985 532 2024 VI.
563 1998 603 2035 p.
629 1982 722 2020 504.
751 1996 787 2020 e.
825 1982 863 2021 οὐ
899 1982 1033 2034 γελοῖον
1069 1981 1126 2021 ἐπὶ
1158 1983 1221 2036 μὲν
1254 1983 1372 2029 ἄλλοις

187 2059 334 2111 σμικροῦ
369 2053 477 2101 ἀξίοις
512 2059 585 2092 πᾶν
621 2054 728 2092 ποιεῖν
761 2054 1032 2105 συντεινομένους
1061 2055 1153 2097 ὅπως
1187 2054 1239 2091 ὅτι
1272 2052 1372 2107 ἀκρι-

186 2122 330 2175 βέςατα
357 2120 416 2160 καί
449 2121 701 2176 καθαρώτατα
727 2117 794 2165 ἕξει
806 2152 821 2171 ,
859 2124 929 2158 τῶν
965 2118 1007 2158 δὲ
1034 2120 1187 2173 μεγίς-ων
1222 2119 1272 2171 μὴ
1308 2134 1371 2171 με-

186 2189 291 2239 γίς-ας
323 2185 441 2233 ἀξιοῦν
474 2187 557 2224 εἶναι
588 2185 646 2225 καὶ
681 2186 747 2230 τὰς
785 2184 993 2240 ἀκριβειάς,·
1031 2184 1090 2225 καὶ
1124 2184 1253 2238 μάλα,
1290 2186 1368 2240 ἔφη.

193 2252 307 2303 [ἄξιον
334 2253 372 2292 τὸ
396 2251 606 2305 διανόημα]
640 2258 811 2290 extrema
846 2253 964 2291 verba
995 2254 1076 2290 sine
1109 2253 1372 2291 controversia

189 2327 278 2359 sunt
306 2321 464 2360 lectoris
495 2321 661 2359 alicuius
694 2320 846 2358 dictum
881 2319 1053 2358 Socratis
1089 2319 1262 2371 impense
1302 2319 1375 2358 mi-
