1572 2801
686 156 802 228 '52

237 322 442 374 Μίμνερμος
472 317 515 356 δὲ
547 317 603 357 τὸν
638 315 726 359 ἡδὺν
737 349 753 369 ,
785 316 823 362 ὃς
848 319 964 373 εὕρετο
996 318 1125 358 πολλὸν
1151 319 1314 365 οἶνατλάς

292 384 379 437 ἦχον
415 384 475 422 καὶ
499 385 663 436 μαλακοῦ
695 383 817 435 πνεῦμ’
848 384 924 422 α’πό
951 387 1203 440 πενταμέτρου.

240 451 389 489 Formis
410 448 522 505 εὑρεῖν
544 454 581 486 et
603 448 797 504 εὑρέσθαι,
821 461 925 499 quae
949 449 1043 486 dum
1059 450 1222 489 vivebat
1236 450 1370 502 lingua

186 518 336 556 Graeca
360 517 574 567 plurimum
595 514 879 565 significatione
903 513 1199 563 discrepabant,
1226 516 1373 565 promi·

188 595 281 619 scue
306 581 428 618 utitur
451 580 739 617 Hermesianax.
781 577 945 616 Pessime
972 578 1136 616 diciturt
1166 580 1370 636 Μίμνερμος

189 652 305 706 εὕρετο
348 649 406 687 τὸν
448 650 688 701 πεντάμετρον
730 646 849 697 ςίχον.
911 645 1023 683 Peius
1058 647 1174 683 etiam
1212 659 1265 684 vs.
1308 646 1374 686 67.

297 715 405 755 ἐισόκε
437 727 487 751 τοι
520 711 684 764 δαίμων,
716 709 892 767 Εὐριπίδη
903 742 919 761 ,
947 710 1059 766 εὕρετ’
1090 711 1253 766 ὄλεθρον.

192 782 304 834 quod
337 778 551 819 absurdum
585 784 653 815 est.
716 776 920 815 Praeterea
953 777 1061 816 εἰσόκε
1088 778 1253 829 requirit
1282 790 1379 817 con·
1432 806 1435 807 γ

192 849 433 891 iunctivum,
463 843 575 895 quod
606 843 745 880 Graeci
773 843 876 880 illius
898 844 1034 880 aetatis
1049 844 1229 895 plerique
1248 857 1383 882 omnes

192 913 443 965 ignorabant.
488 908 655 964 εὑρέσθαι
692 908 857 945 recurrit
890 919 943 945 νε.
984 906 1054 954 87,
1094 908 1163 946 ubi
1192 908 1382 948 habemus

192 978 456 1028 Pythagoram
484 975 611 1026 κομψὰ
637 974 846 1026 γεωμετρίης
870 972 1048 1027 εὑρόμενον
1071 980 1109 1011 et
1134 987 1187 1012 vs.
1210 974 1286 1020 93,
1313 976 1382 1014 ubi

197 1042 378 1079 Socrates
404 1039 607 1091 Aspasiam
638 1038 818 1089 deperire
844 1045 1047 1086 narratur,
1074 1038 1161 1080 οὐδέ
1182 1056 1215 1081 τι
1246 1042 1384 1098 τέκμαρ

199 1105 292 1161 Εὗρε
330 1108 424 1160 λόγῳ
460 1105 594 1148 πολλὰς
635 1102 814 1157 εὑρόμενος
857 1102 1006 1149 διόδους.
1068 1106 1216 1145 Deinde
1256 1109 1383 1149 πολλὸν

201 1174 365 1217 α’νατλσές
391 1176 557 1223 apparet
588 1168 627 1207 ἐκ
655 1174 725 1209 τῶν
755 1171 1054 1225 συμφραζομένων
1076 1172 1298 1224 significare
1320 1175 1384 1214 de·

198 1241 292 1278 bere
316 1239 444 1277 mullo
473 1236 612 1273 labore
639 1248 688 1272 ac
714 1235 874 1280 studio,
908 1236 1019 1286 quod
1045 1249 1125 1274 non
1149 1238 1301 1277 licuisse
1328 1242 1382 1279 ita

199 1307 278 1343 dici
308 1305 423 1341 facile
452 1302 621 1339 vincam.
670 1301 726 1337 Ex
754 1301 914 1351 reliquis
943 1314 1058 1338 nemo
1090 1314 1130 1339 se
1165 1304 1385 1342 extricabit.

200 1374 340 1421 πνεῦμα
368 1368 406 1407 τὸ
435 1368 674 1421 πενταμέτρου
703 1365 857 1417 legebat
885 1367 1118 1417 Lennepius.
1162 1368 1268 1416 Quid
1294 1383 1386 1420 pro-

198 1436 311 1473 dest?
356 1434 560 1471 Praeterea
593 1432 682 1469 vide
717 1443 838 1481 quam
877 1430 1059 1468 scabrosa
1094 1433 1140 1469 sit
1180 1433 1389 1473 verborum

203 1499 457 1550 compositio,
503 1510 625 1548 quam
661 1496 762 1533 dura
800 1496 979 1535 traiectio
1019 1497 1059 1535 in
1094 1499 1222 1548 primo
1253 1512 1385 1547 versu,

204 1575 246 1606 ut
275 1569 461 1604 nitentem
492 1570 529 1600 et
557 1563 805 1600 anhelantem
839 1562 971 1600 videre
1005 1563 1187 1608 videaris,
1224 1566 1294 1614 qui
1333 1567 1388 1603 la-

202 1633 379 1671 boriosos
415 1630 545 1681 elegos
581 1641 662 1666 non
697 1629 823 1673 canit,
868 1628 936 1682 sed
971 1629 1083 1666 struit
1116 1635 1153 1666 et
1190 1632 1393 1681 componit

207 1699 333 1739 πολλὸν
360 1695 539 1740 οἷνατλοίς.
589 1694 676 1731 Alia
701 1706 831 1744 pauca
856 1694 1066 1732 ostendisse
1090 1695 1279 1734 sufficiet:
1310 1697 1388 1753 ἐφο-

209 1767 318 1819 μιλεῖν
345 1766 422 1803 τινά
453 1773 525 1813 pro
553 1761 717 1812 μνᾶσθαι
748 1772 802 1797 νε.
831 1759 878 1796 51
914 1772 960 1797 ex
989 1760 1139 1812 vulgari
1168 1763 1393 1813 aequalium

212 1842 389 1870 sermone
417 1827 572 1865 videtur
603 1825 788 1861 sumsisse.
824 1824 927 1878 φοίτα
958 1823 1083 1864 λείπων
1108 1826 1233 1878 Σάμον
1259 1840 1315 1865 νε.
1344 1829 1398 1866 53

212 1904 250 1935 et
285 1894 446 1935 Κολωνὸν
474 1891 625 1931 λείπουσ“
655 1889 740 1943 ᾖδεν
767 1904 821 1930 νε.
852 1890 906 1928 58
926 1891 1053 1928 minus
1076 1890 1175 1929 bene
1203 1893 1299 1931 dixit
1323 1908 1397 1946 pro

216 1965 326 2003 λιπών
354 1967 391 1998 et
416 1960 568 1998 λιποῦσα
591 1964 634 2010 ut
663 1958 787 1994 solent
815 1963 962 1994 veteres
986 1963 1023 1994 et
1046 1959 1218 2008 postulat
1249 1960 1302 1996 rei
1327 1973 1398 1998 na-

217 2036 329 2072 tura,
349 2036 523 2075 namque
546 2020 610 2074 ᾖδε
637 2021 797 2061 Κολωνὸν
821 2021 948 2060 λείπων
972 2022 1167 2073 significat
1191 2036 1280 2061 eum
1302 2037 1398 2063 can·

218 2101 339 2139 tasse,
372 2103 497 2142 quum
527 2101 565 2125 se
589 2088 699 2125 daret
721 2088 762 2125 in
790 2088 905 2126 viam.
951 2088 1156 2138 Euripides
1184 2100 1242 2126 vs.
1271 2088 1325 2126 62
1351 2089 1405 2127 di-

223 2160 327 2197 citur
368 2157 466 2208 μῖσος
500 2155 661 2193 κτᾶσθαι
694 2156 818 2198 πάσας
853 2152 944 2209 α’μφὶ
981 2156 1179 2208 γυναῖκας,
1222 2160 1261 2192 at
1302 2157 1404 2207 μῖσος

224 2226 387 2266 κτᾶσθαι
419 2228 475 2260 est
505 2222 688 2274 μισεῖσθαι
715 2234 796 2259 non
830 2223 943 2272 μισεῖν
970 2221 1083 2272 quod
1116 2222 1304 2259 sententia
1333 2235 1407 2273 po-

224 2290 355 2329 stulat.
397 2289 577 2328 Eundem
600 2290 707 2328 canit
733 2302 789 2328 νε.
816 2288 871 2327 63
893 2301 955 2340 sq.
980 2293 1208 2327 nocturnas
1237 2302 1322 2326 non
1347 2288 1411 2326 de-
