1572 2801
751 248 838 293 129

196 385 348 435 ineptas
375 381 587 421 emendatis
614 394 661 420 ac
687 382 785 421 veris
810 383 982 435 potiores
1007 388 1046 420 et
1071 383 1179 422 inani
1201 382 1380 435 quadam

196 451 439 491 auctoritatis
463 450 594 502 specie
621 450 970 488 commendatiores
992 449 1248 502 putabimus?
1276 450 1377 488 Sunt

193 517 264 569 qui
293 523 502 569 propterea
532 517 710 555 dubitent
734 518 830 569 quia
855 518 1075 570 periculose
1101 516 1282 554 omnibus
1308 517 1378 555 do-

195 585 269 623 ctis
289 584 535 636 indoctisque
560 584 702 636 passim
725 590 763 622 et
790 585 860 636 qui
887 582 1110 622 critici'sint
1133 590 1171 621 et
1197 584 1269 635 qui
1293 597 1376 623 non

195 650 269 688 sint
300 650 342 688 id
375 650 481 688 credi
518 650 787 700 committique
824 649 1075 688 arbitrantur.
1124 650 1244 698 Quasi
1282 662 1376 689 vero

194 730 274 754 non
309 729 416 754 nunc
450 729 613 768 quoque
644 717 823 755 nonnulli
854 717 938 755 iura
975 722 1118 769 negent
1149 715 1220 753 sibi
1257 722 1372 763 nata,

194 788 232 820 et
260 782 415 833 quidvis
448 782 519 819 sibi
555 783 596 820 in
631 783 903 821 constituendo
931 789 974 821 ut
1005 783 1047 821 in
1080 782 1377 834 interpretando

194 861 452 900 quocumque
481 849 671 900 scriptore
704 850 821 888 licere
849 851 1076 888 existiment.
1120 849 1375 902 Tragicorum

195 921 286 952 ante
312 927 445 952 omnes
467 916 592 954 vicem
617 917 765 963 doleas,
797 919 867 969 qui
892 923 960 956 aut
987 918 1038 956 ad
1057 918 1160 969 leges
1183 917 1377 968 quasdam

193 981 395 1027 metricas,
426 981 476 1019 de
507 982 652 1033 quibus
681 983 859 1021 nondum
890 977 981 1021 satis
1012 983 1167 1034 liquido
1195 988 1371 1028 constat,

194 1047 384 1086 audacter
422 1053 459 1084 et
499 1061 571 1099 per
610 1050 685 1087 vim
722 1049 993 1102 refinguntm,
1037 1054 1080 1086 ut
1118 1049 1210 1086 olim
1246 1048 1375 1087 miseri

193 1113 423 1151 Procrustae
448 1113 641 1166 hospites,
679 1122 747 1153 aut
776 1121 966 1153 vexantur
985 1114 1375 1167 interpretationibus

191 1192 272 1218 non
301 1193 348 1217 ex
373 1184 514 1231 poetae
540 1181 667 1219 verbis
694 1182 931 1233 ingenioque
959 1181 1089 1233 petitis
1114 1181 1183 1219 sed
1208 1181 1250 1218 in
1281 1181 1373 1218 Edi-

194 1252 323 1283 torum
360 1240 522 1284 cerebro
560 1248 682 1294 natis,
725 1247 777 1285 ad
814 1260 914 1298 quas
950 1246 1093 1285 deinde
1134 1249 1377 1301 singulorum

191 1312 372 1350 locorum
407 1313 525 1350 lectio
561 1314 899 1351 accommodatur.
951 1313 1094 1364 Itaque
1124 1312 1228 1359 hoc,
1256 1314 1377 1366 quid-

194 1378 294 1429 quid
323 1384 378 1416 est
404 1379 594 1430 periculi,
620 1385 794 1417 avertent
825 1379 950 1417 critici
974 1378 1246 1430 prudentiores
1271 1385 1309 1416 et
1329 1379 1376 1416 li-

191 1443 314 1482 berati
342 1445 483 1481 erimus
520 1444 684 1482 millenis
720 1444 966 1481 librariorum
1004 1443 1376 1481 hallucinationibus

191 1517 230 1548 et
257 1511 436 1548 monstris
461 1510 689 1555 verborum,
722 1523 826 1561 quae
852 1522 960 1548 nunc
985 1510 1083 1548 locis
1115 1510 1274 1561 integris
1309 1515 1378 1547 aut

190 1575 344 1613 dudum
371 1577 586 1626 persanatis
614 1582 817 1626 tamquam
845 1576 977 1613 sordes
1003 1576 1201 1626 quaedam
1229 1574 1377 1613 adhae-

192 1648 291 1681 rent.
335 1642 433 1681 Tum
459 1642 618 1682 demum
655 1643 861 1695 apparebit
891 1656 1014 1695 quam
1040 1641 1160 1694 pauci
1196 1640 1272 1679 sint
1307 1652 1376 1679 co·

190 1709 319 1755 dices,
350 1709 496 1760 quibus
532 1723 623 1748 cum
659 1711 791 1749 fructu
828 1710 883 1748 uti
922 1710 1134 1763 possimus,
1166 1707 1375 1761 apparebit

189 1788 312 1826 quam
347 1788 501 1827 paucae
532 1777 609 1814 sint
649 1778 797 1814 variae
834 1777 1042 1822 lectiones,
1079 1787 1185 1827 quae
1211 1774 1376 1825 quidem

188 1843 263 1880 sint
297 1841 375 1880 hoc
407 1843 568 1881 nomine
602 1843 763 1896 dignae,
795 1854 937 1895 nempe
967 1843 1009 1880 in
1036 1841 1181 1895 quibus
1216 1840 1377 1879 verioris

186 1920 268 1946 non
294 1908 340 1945 sit
377 1909 545 1947 cuiusvis
584 1909 708 1947 facilis
744 1910 854 1960 optio
894 1907 962 1947 sed
998 1921 1145 1960 anceps
1183 1919 1300 1959 saepe
1339 1912 1377 1944 et

189 1973 374 2025 ambigua
402 1975 589 2013 divinatio
625 1976 807 2013 interiore
843 1976 982 2013 notitia
1022 1974 1162 2013 Graeci
1189 1973 1376 2012 sermonis

188 2046 229 2078 et
250 2040 435 2079 diuturna
462 2042 631 2079 lectione
652 2041 852 2093 scriptoris
874 2040 926 2078 ad
949 2052 1069 2092 quem
1092 2041 1285 2092 pertineat
1310 2039 1378 2078 ali·

185 2107 354 2157 quando
393 2106 623 2144 dirimenda.
679 2104 839 2145 Variae
868 2105 1062 2143 lectiones
1097 2118 1202 2157 quae
1235 2105 1374 2144 merito

188 2172 271 2210 dici
297 2172 489 2219 debeant,
519 2185 640 2224 quam
676 2172 863 2224 antiquae
889 2173 989 2218 sint,
1018 2172 1124 2210 unde
1152 2176 1261 2209 ortae
1285 2170 1373 2223 ple-

190 2250 359 2289 raeque,
390 2251 471 2277 non
492 2243 622 2291 potest
646 2238 782 2275 melius
804 2237 965 2290 intelligi
993 2242 1031 2275 et
1054 2236 1223 2288 spectari
1249 2247 1373 2287 quam

192 2316 239 2341 ex
265 2305 390 2342 aureis
413 2305 609 2357 reliquiis,
640 2306 739 2356 quas
764 2316 810 2342 ex
835 2303 1122 2342 commentariis
1146 2302 1187 2340 in
1209 2300 1376 2339 Iliadem

191 2376 231 2408 et
257 2368 470 2421 odysseam
500 2370 714 2410 Aristarchi
747 2376 786 2409 et
820 2371 985 2409 aliorum
1021 2367 1224 2407 habemus.
1265 2366 1374 2406 Haec

1097 2431 1124 2474 9
