1572 2801
796 227 884 271 150

254 364 369 417 ψειν.
413 360 617 413 Compone
653 372 745 399 eum
781 360 840 399 his
874 361 1007 400 locum
1045 361 1226 413 Hesychii
1258 364 1328 415 qui
1364 366 1435 411 τὰς

250 429 476 484 Ἀριςάρχου
510 425 619 474 λέξεις
648 428 785 479 grandi
818 429 961 467 Lexico
987 428 1219 467 inseruerat:
1249 431 1429 472 ἀπολελει-

251 497 397 549 ψεμέναι
424 494 713 549 ἀποκειραμένου.
744 494 1056 546 ἀπολελεψειμένον
1083 495 1131 533 τὰ
1161 494 1273 534 καλά.
1318 497 1432 535 Fere-

242 562 363 603 batur
384 561 424 599 in
452 559 663 611 Sophoclis
688 559 904 599 Trachiniis
930 573 983 598 vs.
1013 560 1072 598 11.
1104 573 1195 611 sqq.

429 629 557 681 φοιτῶν
582 623 733 679 ἐναργὴς
760 628 911 679 ταῦρος,
937 624 1060 664 ἄλλοτ’
1089 625 1202 671 αἰόλος

432 690 581 745 δράκων
606 690 762 742 ἑλικτὸς,
789 690 909 731 ἄλλοτ’
937 689 1089 746 ἀνδρείῳ
1124 693 1249 745 τύπῳ

427 757 707 811 βούκρανος.

238 824 488 877 Sophocle-ae
510 823 693 864 dictionis
712 822 960 875 splendorem
973 824 1138 865 servavit
1156 823 1269 864 nobis
1284 824 1426 864 Strabo

239 893 288 932 X.
316 892 355 931 2.
385 892 457 943 qui
483 891 613 929 attulit
637 903 682 927 ex
711 890 849 927 eodem
871 891 983 930 loco:

429 956 579 1011 δράκων
606 956 736 1001 ἑλικτὸς
745 988 762 1007 ,
789 955 915 996 ἄλλοτ’
942 955 1093 1012 ἀνδρείῳ
1121 957 1249 996 κύτει

422 1024 711 1079 βούπρῳρος.
1053 1013 1055 1017 ’
1114 1026 1116 1028 ’

232 1090 409 1130 Sentisne
432 1089 532 1141 quid
556 1091 656 1128 inter
683 1088 787 1127 hanc
812 1087 971 1126 dicendi
996 1084 1328 1140 'magnificentiam
1357 1089 1417 1127 in-

230 1156 339 1194 tersit
365 1161 403 1194 et
425 1157 626 1209 vulgatam
650 1156 904 1207 scripturam,
940 1168 1044 1206 quae
1067 1156 1107 1192 in
1135 1155 1254 1193 unico
1274 1155 1423 1195 Codice

231 1222 381 1268 fertur,
420 1223 525 1261 unde
554 1223 704 1274 integra
733 1222 867 1261 fabula
896 1223 947 1259 ad
979 1234 1050 1260 nos
1083 1222 1286 1272 pervenit?
1328 1221 1418 1260 Vidi

232 1295 364 1328 tamen
379 1317 388 1334 ,
419 1290 489 1340 qui
513 1289 741 1327 doctissimis
763 1287 1082 1328 annotationibus
1108 1287 1239 1326 obruit
1263 1287 1422 1325 Trachi-

227 1354 314 1393 nias
343 1359 381 1393 et
408 1353 509 1393 haec
536 1353 739 1393 Strabonis
765 1355 1137 1405 interpretamenta
1165 1354 1299 1391 statuit
1325 1366 1416 1390 esse.

232 1419 502 1471 Πουλυμαὲηΐη
526 1421 600 1459 νόον
619 1419 658 1458 οὐ
681 1418 877 1470 διδάσκει,
905 1424 1041 1455 contra
1072 1417 1226 1468 saepius
1253 1417 1309 1457 τὸν
1335 1420 1419 1458 ὄντα

228 1485 494 1538 ἀποσβέννυσιν.
564 1486 723 1537 Legitur
764 1485 873 1536 apud
914 1485 1141 1522 Erotianum
1191 1485 1231 1521 in
1273 1486 1416 1524 Lexico

230 1553 518 1605 Hippocratico
544 1566 581 1590 v.
606 1551 865 1595 ἑκλαπήσεται;
897 1550 975 1590 ἀντὶ
998 1554 1058 1590 τοῦ
1084 1540 1335 1606 ἔκγὶκυφῆσεπαι
1359 1553 1418 1593 καὶ

228 1618 524 1672 ἐκγεννηὲήσεται
535 1651 551 1670 ,
578 1619 625 1663 ὡς
653 1618 711 1657 καὶ
741 1619 977 1673 Ἀρις-οφοὶνης
1003 1617 1038 1656 ἐν
1066 1616 1280 1671 Γηρυτάδῃ·

364 1686 501 1738 Φήμαις
530 1680 587 1723 οὖν
614 1683 686 1737 ἐγὼ
714 1684 854 1739 βροτῶν
881 1689 1044 1729 ἅπαντας
1069 1682 1277 1726 ἐκλαπῆναι.

227 1748 331 1797 ἅπαξ
367 1750 502 1805 εἴρηται
539 1750 598 1790 καὶ
632 1751 719 1805 παρ’
748 1753 847 1803 ἡμῶν
875 1751 1044 1803 ἑξήγηται
1072 1753 1197 1803 μόνων.
1256 1752 1415 1791 Nullum

225 1822 402 1868 superest
440 1829 548 1854 nunc
591 1817 698 1868 apud
739 1817 1021 1870 Hippocratem
1062 1819 1263 1871 vestigium
1300 1818 1417 1857 huius

227 1882 437 1929 vocabuli,
468 1883 580 1935 quod
603 1885 718 1922 semel
744 1885 784 1922 in
810 1884 925 1922 huius
952 1886 1105 1935 scriptis
1128 1892 1277 1922 exstare
1304 1892 1341 1923 et
1365 1886 1416 1923 ab

226 1963 268 1988 se
293 1951 377 1987 solo
400 1951 640 2002 explicatum
669 1964 749 1988 esse
778 1951 1064 1990 Grammaticus
1088 1952 1218 1991 refert.
1264 1951 1417 1990 Bonum

227 2016 399 2062 factum,
445 2016 556 2068 quod
598 2017 710 2054 locus
750 2023 947 2068 superest,
992 2017 1033 2055 in
1074 2030 1157 2068 quo
1194 2018 1307 2056 nimis
1345 2018 1420 2057 diu«

226 2083 337 2120 scioli
365 2084 577 2133 explicatio
616 2085 818 2135 antiquam
855 2084 1064 2122 lectionem
1101 2085 1272 2136 expulit,
1313 2098 1417 2136 quae

225 2161 308 2189 non
330 2155 385 2187 est
412 2155 492 2188 tam
516 2150 721 2189 recondita
750 2163 797 2188 ac
821 2151 974 2202 putavit
997 2151 1216 2190 Erotianus.
1257 2152 1416 2202 Legitur

223 2216 265 2253 in
292 2215 392 2253 libro
425 2216 505 2273 περὶ
536 2218 653 2272 φύσιος
685 2217 827 2257 παιδίου
868 2217 977 2256 Tom.
1003 2217 1034 2255 I.
1063 2232 1106 2270 p.
1134 2216 1227 2257 246.
1270 2217 1412 2257 Foesii:

225 2284 254 2325 εἷ
285 2287 360 2341 γάρ
379 2301 444 2331 Ἰτις
473 2285 576 2326 ἐθέλει
606 2287 660 2339 ᾠὰ
689 2287 813 2325 ε”κοσιν
840 2286 862 2328 ἢ
890 2285 950 2324 καὶ
986 2285 1128 2325 πλείονα
1160 2289 1249 2331 ὅκως
1285 2285 1413 2325 ἐκλε-

220 2353 419 2397 πίσηται
464 2353 654 2405 (optimus
689 2366 738 2391 ac
781 2358 963 2404 pervetus
1002 2353 1128 2392 codex
1168 2353 1409 2394 Marcianus:
