1572 2801
793 213 849 257 18

235 352 420 410 quarios,
445 349 654 405 diligentia
677 346 899 405 plerosque
922 348 1050 404 magis
1069 362 1194 405 quam
1208 351 1401 399 acumine

238 424 377 467 iudicii
417 420 724 463 commendatos
769 425 811 461 et
849 434 946 461 curn
981 422 1169 464 cautione
1200 422 1399 465 adhiben-

238 498 324 540 dos.
388 493 512 536 Gravi
551 497 689 534 autem
727 506 864 535 errore
899 491 1053 535 factum
1085 498 1165 548 est,
1198 501 1246 536 ut
1275 495 1397 538 multi

239 571 319 612 hoc
343 566 596 623 antiquitatis
619 565 926 620 cognoscendae
944 566 1128 609 studium
1152 566 1205 608 ab
1228 567 1401 611 lectione

239 649 281 686 ct
303 639 638 697 interpretatione
659 638 907 694 scriptorum
930 640 1191 695 seiungerent
1210 644 1250 682 et
1269 640 1401 682 verba

242 715 398 757 scilicet
427 725 527 769 prae
557 709 711 762 rebus,
734 711 795 751 uti
823 711 961 765 aiunt,
992 716 1297 755 contemnentes
1326 715 1401 755 toti

240 788 322 830 sint
358 786 400 828 in
442 782 707 826 instauranda
749 783 964 840 oculisque
1002 784 1269 828 subiicienda·
1300 787 1403 829 ima—

239 861 332 916 gine
383 857 659 912 antiquitatis,
715 856 811 897 satis
851 857 1033 899 materiei
1074 871 1284 914 superesse
1323 860 1401 900 rati

239 931 351 974 unde
388 929 619 986 collapsum
657 929 811 984 ingenti
846 930 965 971 ruina
998 929 1228 973 aedificium
1267 936 1403 973 totum

239 1005 376 1046 denuo
408 1006 612 1058 exsurgat.
674 1000 854 1042 Frustra.
894 1002 1080 1058 Namque
1126 1004 1283 1045 etiamsi
1314 1003 1402 1045 col-

238 1078 344 1120 lecta
376 1075 560 1131 undique
598 1074 766 1116 materie
807 1078 1054 1131 arreptoque
1093 1075 1179 1118 sine
1214 1075 1304 1118 ullo
1335 1075 1402 1118 de·

239 1151 351 1193 lectu
406 1146 611 1206 quidquid
667 1146 857 1188 alicunde
917 1148 1154 1203 porrigatur
1209 1149 1401 1204 componi

242 1222 399 1279 aliquid
442 1221 495 1263 ab
542 1224 664 1262 acuto
714 1223 755 1260 et
800 1216 1003 1261 industrio
1043 1220 1208 1262 homine
1254 1222 1402 1277 possit,

239 1295 353 1351 quod
390 1295 433 1334 in
465 1291 614 1334 umbra
650 1290 882 1332 viventibus
922 1290 1035 1331 haud
1079 1291 1306 1334 absurdum
1349 1294 1404 1334 vi-

239 1367 409 1420 deatur,
455 1364 592 1406 tamen
637 1363 836 1420 pleraque
878 1363 1013 1404 omnia
1052 1364 1124 1417 iis,
1172 1365 1244 1420 qui
1282 1364 1407 1407 rebus

242 1438 429 1497 gerendis
472 1436 618 1478 intenti
664 1436 707 1476 in
748 1435 964 1476 hominum
1013 1434 1107 1477 luce
1149 1441 1191 1478 et
1235 1437 1408 1479 celebri-

243 1519 327 1557 tate
372 1516 609 1564 versantur,
662 1509 782 1551 lusus
825 1509 1022 1564 iocusque
1062 1514 1149 1564 est,
1193 1514 1240 1552 ut
1282 1510 1409 1553 Phor-

244 1589 328 1629 mio
366 1583 589 1627 Hannibali
637 1582 687 1624 de
722 1582 979 1638 imperatoris
1012 1580 1148 1623 officio
1176 1587 1218 1625 et
1251 1588 1336 1625 tota
1365 1598 1409 1626 re

242 1660 409 1703 militari
455 1657 667 1714 disputare
704 1655 902 1697 videatur.
963 1655 1127 1697 Utinam
1163 1655 1328 1698 tandem
1362 1671 1410 1699 ea

248 1732 440 1775 omnibus
479 1731 582 1770 ratio
620 1729 799 1785 placeat,
840 1734 887 1770 ut
921 1743 1026 1784 quae
1054 1728 1146 1769 sciri
1176 1734 1405 1785 nequeant,

249 1806 437 1848 desinant
476 1802 552 1844 sibi
583 1802 780 1858 reperisse
808 1800 946 1843 videri.
995 1801 1041 1842 In
1071 1805 1325 1843 contemtum
1353 1816 1411 1844 se-

253 1893 335 1935 que
351 1883 392 1920 et
408 1890 481 1918 sua
498 1874 633 1916 studia
651 1873 876 1927 adduxere,
908 1874 980 1929 qui
998 1872 1100 1914 nihil
1124 1872 1201 1914 sibi
1223 1874 1411 1929 ignotum

252 1951 355 1994 nihil
388 1949 612 1992 obscurum
639 1961 725 1989 esse
759 1946 1015 2004 postulantes
1050 1947 1224 2004 ineptire
1249 1946 1412 1989 malunt

253 2039 380 2081 quam
412 2022 684 2079 ignorantiam
717 2020 844 2062 fateri.
907 2018 973 2061 Ab
1011 2034 1154 2062 eorum
1182 2034 1320 2064 errore
1358 2021 1416 2063 sic

256 2095 485 2140 cavendum
522 2094 641 2137 nobis
677 2107 846 2148 censeo,
890 2099 938 2135 ut
978 2097 1113 2134 tacere
1153 2107 1277 2149 quam
1313 2093 1417 2134 nihi-l

255 2169 392 2210 dicere
426 2167 634 2222 antiquius
673 2165 899 2207 habeamus
936 2164 1178 2221 abiectoque
1215 2164 1419 2222 quidquid

261 2247 376 2284 sonet
417 2242 584 2294 vitium,
616 2239 727 2296 quod
764 2253 909 2281 sanum
935 2244 975 2280 et
1002 2239 1181 2281 solidum
1209 2239 1260 2280 sit
1287 2239 1423 2282 solum

262 2313 527 2368 retineamus,
552 2326 600 2355 ac
625 2312 854 2355 nesciamus
881 2310 1013 2353 multa
1036 2312 1176 2368 potius
1198 2312 1422 2369 aliquando
