1572 2801
784 202 874 248 154

398 336 490 390 χολὴ
518 334 553 376 δ’
581 333 696 382 ἐπέξει
724 333 901 389 καρδίην,
927 337 992 391 ἔφη
1017 333 1054 375 δ’
1083 336 1214 383 οὕτως·

399 402 443 442 σὺ
471 402 534 456 μὲν
560 401 696 447 διώκεις
724 407 914 455 πανταχοῦ
941 419 984 455 με
1012 403 1071 443 καὶ
1098 405 1227 459 φεύγω.

396 469 495 522 ἀλλ’,
523 467 552 509 ὦ
578 470 753 523 ςύγημα,
781 474 840 510 νῦν
867 469 928 523 μὲν
955 469 1035 522 οὐχὶ
1064 476 1269 527 χαιρήσεις,

396 540 437 577 ἥν
464 551 521 589 μοι
549 536 750 591 προσέλθῃς
777 537 843 574 καί
866 550 898 575 τι
925 535 1050 591 γρύξαι
1077 537 1270 592 τολμήσῃς.

395 603 513 650 ἄλλοις
540 604 739 652 ἀλωπέκιζε
766 605 836 649 τοῖς
862 604 1060 660 ἀπειρήτοις
1071 637 1088 657 ,

396 671 525 715 ἄλλους
552 669 594 709 δὲ
621 670 776 721 βασιλεῖς
804 669 990 725 ὑπερέθιζε
1017 670 1079 709 καὶ
1107 672 1207 711 ποίει.

230 739 271 776 in
299 737 357 775 his
378 737 473 775 boni
496 739 638 789 poetae
662 749 793 774 versus
816 736 1071 788 pulcherrimi
1094 738 1302 776 intermixti
1330 744 1419 776 sunt

232 802 509 854 desipientium
544 800 831 839 monachorum
868 802 1033 853 ineptiis.
1082 803 1239 842 Dudum
1270 804 1421 843 intelle-

233 875 343 908 ctum
371 874 425 905 est
448 868 498 905 ab
516 867 702 905 Dubnero
722 867 954 906 additicium
981 882 1060 906 esse
1077 882 1229 908 versum
1250 871 1417 909 tertium.

236 935 462 974 Confictum
486 934 656 971 arbitror
679 933 730 971 ab
753 946 823 979 eo,
849 935 918 985 qui
941 935 1106 975 haeserit
1128 937 1168 975 in
1187 936 1311 988 ἀλλά,
1339 948 1423 987 quo

233 1000 413 1039 inchoari
442 999 672 1037 sententiam
698 999 926 1038 mirabatur.
967 1000 1014 1039 In
1036 1007 1202 1052 quai-tc,
1237 1003 1306 1053 qui
1331 1002 1423 1053 pul-

236 1068 453 1107 cherrimus
476 1072 555 1113 est,
598 1066 896 1118 corrigendum:
926 1069 1000 1107 οὔτι
1018 1072 1223 1124 χαιρήσεις,
1251 1082 1342 1108 nam
1370 1070 1424 1109 sic

237 1135 363 1173 solent
388 1134 430 1172 in
457 1133 525 1171 tali
554 1145 594 1171 re
627 1138 785 1170 veteres.
840 1133 1009 1181 Quintus
1035 1141 1090 1172 est
1119 1135 1422 1186 suppositicius,

235 1200 349 1253 quod
379 1200 439 1237 vel
473 1212 520 1236 ex
549 1205 673 1236 metro
707 1212 899 1250 apparere
923 1207 1072 1252 potest,
1116 1215 1206 1239 nam
1241 1202 1311 1253 qui
1340 1202 1427 1239 illos

236 1265 521 1307 choliamhicos
546 1276 677 1301 versus
703 1264 917 1315 opinantur
950 1265 991 1304 in
1017 1265 1117 1304 duos
1143 1266 1338 1317 spondeos
1365 1279 1427 1305 sa·

237 1335 285 1373 tis
312 1340 417 1371 recte
443 1331 547 1369 exire
565 1343 677 1382 posse
703 1329 861 1381 decepti
885 1337 975 1369 sunt
1000 1332 1097 1369 locis
1120 1332 1317 1382 corruptis
1341 1333 1423 1376 vel,

236 1405 281 1437 ut
308 1399 349 1436 in
384 1397 530 1436 Babrio
563 1396 719 1442 Athoo‚
758 1396 964 1435 manifesto
997 1398 1157 1448 spuriis;
1196 1397 1287 1435 satis
1323 1397 1427 1434 enim

236 1464 368 1503 mirari
406 1475 487 1501 non
512 1474 691 1513 possum,
732 1474 815 1512 quo
841 1468 963 1512 pacto
996 1464 1099 1501 viros
1133 1463 1272 1503 doctos
1307 1465 1428 1503 latere

233 1529 409 1584 potuerit
435 1529 622 1566 maiorem
650 1533 804 1579 partem
830 1540 988 1573 eorum,
1027 1542 1132 1579 quae
1158 1543 1205 1569 ex
1232 1543 1335 1569 novo
1364 1542 1428 1567 co-

237 1598 329 1637 dice
353 1596 608 1649 prodierunt,
649 1594 699 1633 ab
724 1593 927 1633 Graeculis
949 1597 1171 1648 magistellis
1198 1602 1266 1635 aut
1291 1609 1428 1635 mona-

235 1665 322 1705 chis
350 1676 429 1701 esse
450 1662 707 1714 suppositam.
750 1662 971 1701 ostendunt
998 1662 1076 1701 hoc
1103 1663 1261 1701 dicendi
1292 1663 1429 1701 foedis-

238 1731 334 1769 sima
354 1730 472 1774 vitia,
496 1740 601 1779 quae
622 1727 921 1767 abjectissimam
950 1735 1120 1781 arguunt
1145 1729 1427 1768 Graecitatem:

237 1798 331 1836 vitia
363 1796 546 1839 metrica,
580 1807 686 1844 quae
714 1795 858 1844 partim
884 1794 1182 1832 Lachmannum
1216 1799 1253 1831 et
1284 1794 1429 1831 amicos

236 1863 443 1913 fugerunt,
470 1858 614 1910 partim
635 1870 706 1909 per
725 1858 800 1895 vim
815 1857 968 1895 sublata
984 1864 1089 1896 sunt:
1115 1859 1287 1909 ineptiae
1306 1872 1429 1909 quam

238 1927 433 1979 plurimae
457 1931 494 1962 et
522 1924 667 1963 indicia
693 1923 914 1974 quaedam,
945 1924 1051 1961 unde
1086 1923 1322 1963 Christianos
1359 1938 1431 1962 au-

240 2000 369 2035 ctores
384 2004 586 2045 agnoscas.
616 1990 692 2039 Qui
719 2002 809 2028 cum
823 1990 903 2028 istis
923 1996 1135 2042 componet
1154 1991 1341 2043 genuinas
1360 1990 1431 2030 Ba-

239 2060 314 2099 brii
340 2060 548 2111 reliquias,
587 2064 625 2095 et
652 2057 811 2095 aliunde
839 2058 1025 2095 collectas
1052 2063 1089 2094 et
1116 2058 1155 2095 in
1184 2057 1241 2096 his
1267 2056 1432 2095 subinde

239 2127 504 2180 pellucentes‚
532 2125 753 2163 suavissima
780 2130 817 2161 et
830 2136 919 2161 vere
940 2122 1074 2161 Ionica
1094 2123 1272 2161 oratione
1293 2135 1428 2160 nume-

239 2205 324 2231 rose
347 2198 384 2229 et
404 2191 528 2230 nitide
547 2192 800 2243 compositas,
827 2191 931 2228 facili
949 2191 1107 2241 negotio
1122 2189 1335 2240 comperiet
1350 2201 1431 2226 non

239 2264 393 2297 tantum
414 2258 641 2312 epz'mytlzz'a
664 2256 848 2295 absurda
864 2269 951 2295 esse
972 2261 1011 2295 et
1035 2257 1226 2309 imperite
1249 2256 1426 2308 scripta,

244 2325 292 2364 de
320 2338 401 2377 qua
434 2338 475 2365 re
503 2331 655 2365 constat
682 2326 782 2364 inter
804 2334 958 2369 omnes,
988 2322 1055 2361 sed
1079 2323 1194 2374 longe
1221 2323 1427 2361 maximam
