1572 2801
727 256 814 300 157

178 391 249 443 qui
276 389 327 427 de
352 389 527 442 plurimis
554 390 670 428 rebus
699 390 908 429 desultoris
941 390 1093 442 aliquid
1130 390 1363 429 conscribi!-

183 457 307 494 lantes
337 456 433 495 nihil
461 457 665 508 proferunt
693 457 970 509 quodrvivere
997 458 1138 509 possit,
1169 470 1275 509 quae
1302 470 1362 495 res

183 523 339 562 criticos
364 530 454 562 ante
479 537 612 563 omnes
640 525 824 570 dedecet,
855 537 1026 576 quorum
1049 538 1175 575 quum
1198 526 1245 563 sit
1271 537 1363 563 vera

183 602 206 628 a
244 590 349 627 falsis
387 591 501 628 certis
536 591 689 629 indiciis
724 592 979 642 distinguere,
1022 602 1103 627 non
1140 589 1363 641 probabilia

183 661 337 694 tantum
361 667 550 706 quaerere
572 661 610 694 et
633 655 760 694 verbis
790 667 953 700 ornare,
987 655 1070 693 iure
1098 654 1148 693 ab
1174 655 1250 692 illis
1275 659 1361 697 κτή-

183 737 286 776 ματα
307 722 410 761 ε’σαει(
423 728 716 774 exspectantur,
743 735 822 760 non
843 721 1082 776 α’γωνίσματα
1101 720 1134 766 ἐς
1157 720 1197 760 τὸ
1218 735 1362 774 παραυ-

186 790 271 829 τίκα
296 788 451 828 α’κούειν.Υ

232 855 327 907 Pag.
356 854 422 893 29.
458 852 715 905 Indignatus
744 852 968 904 languidas
997 853 1362 905 interpolationes,

182 933 289 973 quae
315 932 560 958 summorum
586 921 845 971 ingeniorum
870 920 1075 972 reliquias
1108 919 1364 973 deturpant).

184 985 371 1025 Solebant
401 985 540 1024 Graeci
566 987 666 1024 inter
691 986 922 1038 legendum,
952 988 981 1024 si
1010 987 1108 1038 quid
1136 988 1205 1024 sibi
1235 989 1276 1025 in
1303 1000 1365 1024 re-

184 1052 259 1090 bus
295 1057 363 1089 aut
392 1050 518 1089 verbis
551 1051 828 1103 explicandum
862 1051 1082 1097 videretur,
1113 1052 1153 1088 in
1181 1052 1368 1089 codicum

182 1118 421 1170 marginibus
435 1124 501 1155 aut
521 1130 639 1169 supra
659 1130 787 1156 versus
807 1124 1012 1155 annotare:
1034 1119 1232 1156 interdum
1252 1120 1370 1156 etiam

185 1185 217 1222 si
241 1183 341 1236 quid
366 1195 604 1235 magnopere
631 1182 845 1233 probarent
870 1189 938 1220 aut
962 1183 1253 1234 improbarent,
1281 1196 1367 1221 sen-

184 1249 346 1287 tentiam
382 1260 491 1286 suam
526 1247 646 1287 verbo
684 1247 975 1285 adscribebant.
1018 1248 1096 1296 Qui
1133 1262 1368 1301 supervene-

184 1320 276 1352 runt
302 1314 448 1351 librarii
476 1314 575 1351 haec
603 1314 733 1351 omnia
760 1314 801 1350 in
834 1314 1002 1351 mediam
1029 1315 1245 1353 orationem
1272 1316 1366 1353 scri-

185 1379 331 1432 ptoris,
363 1379 414 1417 ad
439 1392 558 1431 quem
591 1385 775 1417 annotata
804 1385 951 1424 essent,
979 1380 1229 1427 invexerunt,
1262 1381 1368 1419 unde

186 1447 302 1484 facile
340 1446 570 1497 intelligitur
608 1458 729 1497 quam
766 1446 933 1483 ridicula
969 1452 1006 1483 et
1050 1447 1183 1498 inepta
1229 1447 1368 1486 dixisse

186 1518 333 1551 veteres
377 1511 499 1550 videri
539 1510 709 1549 debeant
750 1511 818 1557 iis,
860 1511 930 1562 qui
970 1510 1041 1548 has
1086 1512 1243 1550 fraudes
1288 1525 1368 1551 non

184 1579 365 1617 sentiant.
406 1578 556 1615 Horum
580 1577 693 1614 multi
719 1582 869 1613 tantam
907 1577 1055 1614 scilicet
1088 1578 1274 1615 codicum
1301 1591 1369 1616 ve·

186 1650 378 1684 tustorum
418 1644 692 1702 auctoritatem
741 1648 779 1680 et
818 1642 939 1680 fidem
982 1642 1095 1680 nimis
1142 1650 1369 1682 venerantes

183 1712 335 1749 malunt
362 1709 518 1761 quasvis
544 1710 710 1760 ineptias
739 1714 883 1746 temere
915 1709 1213 1761 interpretando
1245 1711 1366 1748 lenire

182 1790 304 1829 quam
330 1787 554 1827 expungere
580 1787 685 1826 quae
711 1776 836 1812 aliena
859 1787 938 1812 esse
962 1781 1000 1812 et
1022 1775 1209 1813 additicia
1238 1789 1365 1828 appa-

180 1849 277 1881 reat.
315 1842 365 1881 Ut
389 1841 535 1879 animos
556 1839 700 1878 addam
722 1839 948 1885 iuvenibus,
976 1839 1121 1890 quibus
1145 1841 1368 1893 periculum

185 1916 242 1949 est
268 1923 318 1948 ne
344 1910 385 1947 in
411 1907 633 1947 huiusmodi
672 1901 948 1944 additamentis
975 1905 1163 1946 haereant
1200 1914 1237 1946 et
1267 1909 1369 1946 iudi-

185 1977 292 2015 cium
316 1975 387 2013 sibi
416 1979 690 2025 corrumpant,
730 1973 938 2024 complura
968 1972 1128 2011 afferam
1164 1974 1281 2012 huius
1313 1976 1369 2012 rei

185 2043 388 2095 exempla,
416 2043 520 2080 unde
545 2048 696 2079 mature
724 2041 863 2078 similes
890 2040 1047 2078 fraudes
1074 2041 1368 2092 deprehendere

185 2116 223 2148 et
263 2121 426 2160 arguere
465 2108 630 2145 discant.
686 2107 733 2144 In
775 2106 911 2156 Lysiae
951 2106 1127 2143 oratione
1174 2106 1261 2163 ὑπὲρ
1304 2110 1366 2145 τοῦ

187 2175 371 2215 α’δυνοίτου
407 2189 450 2226 p.
474 2172 559 2212 168.
594 2174 647 2211 R.
680 2185 804 2224 quum
833 2172 1045 2223 legeretur:
1078 2171 1136 2210 καὶ
1164 2173 1237 2227 γὰρ
1269 2174 1365 2224 οἶμαι

187 2241 290 2295 δεῖν,
324 2240 353 2283 ὦ
381 2242 519 2295 βουλή,
554 2241 604 2280 τὰ
634 2243 695 2281 τοῦ
720 2241 884 2293 σώματος
918 2237 1168 2293 δυςυχήματα
1199 2241 1271 2285 τοῖς
1303 2245 1368 2285 τῆς

189 2311 312 2364 ψυχῆς
338 2309 609 2363 ἐπιτηδεύμασιν
640 2309 792 2359 ἰᾶσθαι,
822 2307 1033 2344 admiratus
1070 2307 1280 2359 pulchram
1318 2320 1366 2345 ac

186 2390 318 2418 veram
337 2378 566 2417 sententiam
592 2377 749 2429 aliquis,
779 2375 939 2414 fortasse
961 2378 1000 2412 et
1024 2374 1107 2426 ipse
1128 2375 1362 2420 deformior,
