1572 2801
145 1168 161 1346 l

754 216 841 262 105
850 260 854 263 ,

199 354 402 402 comperta
421 354 533 395 sunt,
563 350 724 402 prolatis
748 351 790 389 in
812 361 1059 404 unoquoque
1079 350 1274 403 scriptore
1294 362 1381 400 1¹²⁸,-

198 414 520 455 nifestisrindiciis
553 420 591 452 et
626 415 871 454 documentis
903 428 994 454 cum
1028 416 1238 469 philologis
1271 429 1382 455 com-

197 482 414 535 municare.
453 479 606 518 Habent
633 493 703 520 sua
736 481 817 518 fata
852 480 986 529 libelli.
1030 482 1174 519 Eorum
1209 482 1380 533 scripto-

195 559 283 585 rum
310 547 382 599 qui
414 551 580 585 aetatem
608 547 781 584 tulerunt
818 546 884 584 alii
914 546 1058 599 ,integri
1092 554 1130 585 et
1164 547 1381 586 incolumes

193 611 234 649 in
259 611 418 650 vetustis
439 610 646 650 codicibus
666 609 781 647 nobis
804 610 943 647 servati
964 616 1074 648 sunt:
1104 612 1170 649 alii
1190 624 1237 650 ex
1257 613 1378 664 pessi-

194 676 265 715 mis
294 690 345 724 ,ac
380 675 647 715 recentissimis
680 675 920 729 apographis
955 676 1060 729 aegri
1093 689 1142 716 ac
1174 678 1301 717 mutili
1336 677 1380 717 in

192 755 331 780 manus
361 748 512 780 nostras
548 748 749 781 venerunt.
795 731 980 779 Nonnulli
1016 743 1057 780 in
1095 756 1176 780 uno
1214 744 1380 794 antiquo

193 806 294 845 libro
331 818 580 846 communem
618 811 785 858 stragem
821 812 1046 845 evaserunt:
1086 807 1157 858 qui
1185 808 1285 846 liber
1311 807 1381 847 ubi

192 872 310 909 semel
334 872 376 909 in
401 870 555 908 Italiam
582 871 758 920 pervenit
794 872 987 908 renovatis
1016 872 1215 910 literarum
1244 873 1382 911 studiis

190 949 374 989 magnam
393 933 715 989 apographorum
738 934 1000 986 frequentiam
1024 938 1179 989 genuit,
1206 950 1380 989 quorum

190 1003 301 1041 nulla
335 1008 392 1040 est
426 1000 608 1039 habenda
647 1000 746 1038 ratio
781 1000 910 1039 donec
947 1003 1166 1047 communis
1202 1006 1380 1048 omnium

192 1068 280 1108 sons
301 1068 508 1121 supererit,
537 1067 643 1106 unde
665 1079 782 1106 omne
809 1075 960 1106 certum
983 1068 1163 1107 lectionis
1186 1076 1223 1108 et
1244 1081 1380 1111 emen-

197 1130 360 1173 1-ationis
378 1133 676 1173 fundamentum
700 1139 755 1170 est
775 1133 1005 1183 petendum.
1046 1134 1147 1172 Satis
1169 1136 1265 1174 mihi
1288 1149 1381 1175 con-

192 1206 268 1239 stat
299 1199 483 1251 Aeschyli
509 1204 547 1237 et
583 1198 793 1251 Sophoclis
820 1198 1000 1244 fabulas,
1030 1212 1129 1249 quas
1163 1200 1375 1249 habemus,

192 1266 234 1303 in
260 1265 380 1303 unico
408 1264 569 1309 codice,
607 1264 679 1314 qui
716 1275 825 1301 nunc
861 1264 899 1301 in
934 1264 1196 1303 Laurentiano
1228 1266 1379 1305 Biblio-

193 1329 309 1369 theca
325 1334 519 1375 servatur,
545 1328 597 1367 ad
614 1339 687 1367 nos
700 1327 935 1379 pervenisse:
958 1339 1006 1365 ex
1025 1340 1109 1379 quo
1123 1330 1380 1369 vetustissimo

192 1395 313 1442 libro,
338 1395 493 1433 decimo
518 1395 599 1432 fere
621 1399 710 1445 post
729 1392 924 1431 Christum
938 1393 1097 1431 saeculo
1111 1394 1378 1445 pulcherrime

192 1460 234 1498 in
268 1459 503 1497 membranis
537 1459 704 1510 scripto,
747 1458 934 1509 profluxit
962 1458 1163 1508 quidquid
1191 1460 1378 1498 codicum

193 1524 301 1563 MSS.
333 1522 482 1575 ubique
508 1523 725 1568 invenitur,
756 1521 862 1560 unde
890 1534 1033 1573 magno
1064 1521 1199 1561 labzrc
1224 1530 1262 1562 et
1289 1524 1378 1563 dili·

143 1578 153 1644 !
195 1589 325 1640 gentia
353 1600 513 1626 acervos
542 1588 738 1625 variarum
765 1587 980 1623 lectionum
1007 1588 1260 1626 cumularunt
1283 1591 1380 1627 utri-

143 1646 147 1678 l

192 1665 319 1706 usque
351 1652 495 1691 Poetae
533 1651 712 1690 editores.
756 1648 912 1688 Frustra
945 1649 1065 1702 igitur
1099 1650 1141 1689 in
1172 1653 1378 1693 manifesta

193 1719 416 1769 corruptela
450 1720 597 1756 miram
625 1730 675 1754 ac
697 1730 873 1768 prorsus
908 1717 1164 1768 singularem
1197 1722 1378 1758 omnium

192 1789 374 1824 veterum
388 1782 717 1822 membranarum
737 1781 1085 1832 conspirationem
1107 1781 1173 1819 alii
1195 1788 1377 1836 stupent*

196 1851 263 1889 alii
285 1855 526 1887 antestantur
544 1855 582 1886 et
601 1847 809 1887 emendare
829 1846 1049 1885 volentibus
1067 1847 1275 1888 obiiciunt.
1303 1851 1372 1897 At,

193 1914 334 1953 dixerit
358 1913 521 1964 aliquis,
557 1912 664 1950 unde
693 1912 813 1963 igitur
844 1917 951 1949 tanta
982 1913 1200 1964 scripturae
1232 1914 1379 1953 discre-

194 1980 359 2034 pantia?
397 1979 548 2030 Nempe
576 1982 670 2016 nata
702 1981 759 2014 est
786 1975 831 2013 iis
863 1975 1011 2022 modis,
1048 1990 1151 2029 quos
1186 1978 1373 2026 diximus,

195 2060 244 2086 ex
272 2045 576 2085 describentium
610 2041 790 2081 socordia
820 2042 880 2079 vel
909 2048 1178 2085 correctorum
1203 2044 1376 2095 interpo-

195 2112 356 2151 latione.
394 2111 493 2149 Nam
516 2120 620 2160 quae
643 2107 743 2145 ratio
766 2111 845 2152 est,
872 2118 1040 2157 quaeso,
1065 2107 1225 2145 istarum
1246 2108 1381 2147 lectio·

196 2182 315 2221 num,
340 2188 445 2228 quae
462 2187 485 2212 e
506 2172 664 2212 diversis
678 2170 918 2223 apographis
943 2171 1117 2210 diversae
1136 2172 1381 2213 afferuntur?

196 2241 409 2294 Pleraeque
435 2238 585 2280 incuria
614 2236 717 2277 rudit
743 2242 781 2275 et
807 2235 960 2275 inscitia
987 2237 1049 2276 vel
1084 2244 1223 2289 stupor
1254 2252 1382 2291 paene

122 2312 126 2316 ‘
197 2305 435 2346 incredibilis
457 2316 617 2349 eorum,
647 2302 718 2353 qui
751 2314 855 2353 quae
886 2315 967 2341 non
995 2302 1264 2354 intelligebant
1287 2318 1379 2346 cum
