1572 2801
758 171 817 215 90

197 306 239 352 ἦν
264 321 340 360 pro
361 308 522 358 vulgata
550 305 736 346 codicum
757 306 954 357 scriptura
979 310 1085 351 σῶον.
1128 308 1381 361 Quamquam

198 375 301 412 enim
336 385 475 424 saepe,
522 378 565 409 ut
600 372 773 417 ostendi,
805 372 937 423 lapsus
970 379 1046 420 est,
1083 386 1166 412 non
1191 380 1321 413 tamen
1348 375 1383 413 ei

192 441 301 478 nulla
324 440 410 477 laus
432 445 488 476 est
513 439 738 477 tribuenda:
760 440 838 477 imo
856 440 1013 491 saepius
1033 447 1071 478 et
1092 442 1126 479 is
1148 447 1186 478 et
1210 442 1275 479 alii
1299 454 1382 480 cor-

194 511 364 543 rectores
399 504 538 543 Graeci
574 505 876 557 ingeniosissime
907 506 1098 544 nonnulla
1130 507 1382 546 restituerunt

193 583 326 622 neque
368 583 558 621 umquam
595 570 764 608 sollertia
799 577 837 609 et
862 572 1064 623 ingenium
1101 571 1273 611 Graecos
1309 573 1383 612 ho-

194 637 318 675 mines
357 648 517 687 prorsus
555 635 713 691 defecit.
758 636 849 676 Vidi
884 637 1072 688 equidem
1103 638 1145 676 in
1182 638 1381 678 Marciano

196 703 359 750 codice,
378 715 461 754 quo
483 703 629 755 scripta
645 704 844 754 quaedam
860 703 1063 743 Plutarchi
1078 704 1238 743 Moralia
1262 705 1384 744 conti·

192 776 354 814 nentur,
372 769 636 806 correctiones
650 770 942 821 complusculas
957 769 1176 807 acutissime
1190 783 1213 807 a
1231 769 1383 810 Graeco

195 835 344 872 lectore
367 839 558 885 repertas.
598 834 646 872 In
672 847 719 872 eo
751 840 902 873 tantum
933 834 1156 886 culpandus
1181 834 1301 872 homo
1328 841 1384 873 est

195 900 309 951 quod
331 900 482 950 ubique
505 905 652 937 veteres
671 900 858 937 lectiones
876 907 1072 951 quantum
1094 902 1224 952 potuit
1246 902 1381 947 erasit,

196 972 240 1004 ut
264 979 353 1004 suas
389 966 638 1003 coniecturas
665 978 747 1004 non
778 978 912 1003 omnes
940 978 1067 1017 aeque
1094 965 1218 1005 bonas
1243 967 1384 1006 substi-

197 1038 343 1076 tueret,
375 1045 480 1082 quae
499 1045 559 1069 res
580 1033 621 1069 in
644 1032 748 1069 bona
775 1039 887 1083 parte
915 1033 1099 1070 codicum
1124 1035 1386 1072 recentiorum

196 1097 356 1136 criticos
396 1103 633 1137 transversos
671 1110 787 1151 agere
828 1099 980 1137 assolet.
1044 1098 1210 1138 Eosdem
1255 1105 1385 1138 tamen

193 1170 437 1202 correctores
473 1172 511 1202 et
544 1166 787 1216 antiquiores
823 1173 861 1203 et
896 1167 1132 1204 recentiores
1169 1167 1211 1204 in
1248 1166 1386 1204 iisdem

194 1228 325 1276 libris,
355 1242 457 1282 quos
491 1236 571 1269 tam
605 1231 768 1270 licenter
795 1232 1003 1271 emendare
1029 1231 1232 1278 solebant,
1269 1232 1386 1285 plura

191 1297 398 1348 fugerunt,
443 1310 549 1347 quae
589 1311 661 1348 per
702 1310 873 1335 errorem
912 1299 1082 1336 barbare
1123 1304 1190 1336 aut
1231 1299 1385 1336 soloece

193 1362 342 1413 scripta
379 1362 485 1399 facili
516 1362 676 1413 negotio
718 1361 869 1399 Graeca
905 1362 991 1400 fieri
1022 1368 1218 1414 poterant.
1276 1362 1384 1401 Non-

193 1428 324 1466 nullos
348 1430 558 1466 miraturos
585 1427 753 1466 arbitror
774 1429 803 1466 si
833 1428 968 1467 dixero
995 1430 1036 1467 in
1058 1430 1257 1481 plerisque
1279 1429 1386 1467 libris

195 1493 354 1531 Graecis
376 1495 499 1531 multa
520 1493 655 1531 adhuc
677 1494 754 1544 legi
774 1495 979 1531 manifesto
1001 1501 1210 1545 corrupta,
1239 1494 1387 1544 quibus

195 1560 365 1613 graviter
392 1564 585 1611 peccatur
606 1559 647 1596 in
674 1571 738 1596 eas
764 1559 867 1611 ipsas
899 1560 1056 1612 linguae
1084 1559 1257 1598 Graecae
1286 1560 1387 1612 leges

196 1625 246 1662 de
272 1624 419 1675 quibus
443 1624 544 1661 inter
571 1636 705 1660 omnes
732 1623 885 1661 dudum
913 1630 1094 1662 constare
1120 1637 1255 1662 omnes
1281 1625 1387 1662 arbi-

194 1696 360 1729 trantur.
404 1689 525 1727 Multa
551 1688 740 1733 barbare,
766 1689 935 1740 plurima
959 1690 1113 1728 soloece
1136 1689 1244 1729 dieta
1265 1691 1325 1729 vel
1346 1691 1386 1729 in

194 1757 335 1794 Atticis
357 1756 616 1807 scriptoribus
638 1755 806 1792 editores
836 1768 966 1805 aequo
994 1757 1123 1793 animo
1147 1758 1291 1795 serunt.
1321 1757 1388 1794 Sa-

195 1824 244 1861 tis
272 1833 472 1874 superque
507 1826 563 1858 est
595 1820 636 1858 in
673 1832 753 1857 uno
790 1820 903 1871 Lysia
943 1820 1048 1858 unde
1076 1820 1154 1859 hoc
1192 1822 1385 1860 evincam-

195 1890 372 1927 Primum
388 1888 508 1939 igitur
527 1899 574 1924 ea
595 1899 775 1938 arguam,
798 1898 903 1937 quae
923 1886 1092 1925 barbare
1111 1900 1219 1925 nunc
1239 1890 1386 1940 scripta

197 1960 310 2001 sunt,
341 1953 485 1991 deinde
520 1953 596 1990 alia
633 1952 840 2003 complura
870 1951 1015 1989 addam
1043 1963 1151 2004 quae
1173 1966 1304 2006 neque
1330 1967 1389 1992 ra·

199 2022 255 2058 tio
282 2032 414 2070 neque
437 2031 529 2056 usus
550 2018 672 2056 Attici
700 2018 886 2054 sermonis
909 2030 1097 2070 umquam
1125 2020 1319 2065 tulerunt,
1343 2021 1387 2058 id

196 2092 253 2124 est
281 2098 351 2131 ea,
384 2097 489 2137 quae
518 2083 638 2122 Attici
669 2084 731 2122 vel
763 2084 924 2122 omnino
957 2083 1097 2130 Graeci
1123 2090 1283 2124 veteres
1309 2098 1385 2125 nec

197 2153 382 2191 dixerunt
412 2164 602 2203 umquam
632 2164 708 2189 nec
732 2151 872 2189 vdicere
903 2157 1140 2203 potuerunt,
1177 2164 1224 2189 ac
1258 2158 1388 2190 tamen

197 2231 271 2271 per
288 2230 410 2257 novas
437 2229 591 2268 semper
613 2215 804 2255 editiones
825 2223 1098 2270 propagantur
1121 2222 1159 2255 et
1183 2222 1386 2269 tamquam

198 2284 299 2324 bene
319 2284 471 2324 Graeca
493 2284 768 2322 auctoritatem
789 2289 826 2320 et
845 2283 966 2322 fidem
986 2284 1102 2322 etiam
1124 2283 1232 2336 apud
1255 2283 1387 2322 Gram-
