1572 2801
737 198 825 241 142

188 326 248 364 καὶ
276 325 347 378 ἐγὼ
377 328 486 367 εἷπον·
530 332 636 380 μήπω
646 361 663 380 ,
699 329 812 383 ἀγαθέ
821 362 838 381 ,
875 328 989 371 ἐκεῖσε
1017 332 1137 385 ἴωμεν.
1181 337 1262 390 πρῲ
1295 340 1370 393 γάρ

183 390 270 435 ἐςιν.
320 392 386 429 Sic
416 392 503 430 libri
538 400 703 432 veteres:
735 396 774 432 in
807 397 1022 434 recentiore
1058 412 1137 437 uno
1171 406 1209 438 et
1246 402 1369 440 altero

181 461 290 511 μὴπω
330 456 461 512 ὦγαθέ
490 467 712 499 correctum
754 469 821 499 est,
879 463 1161 503 Scribendum:
1205 469 1365 522 prjnmy’,

179 522 319 579 ὦγαθέ.
347 525 476 577 [ἐκεῖσε
493 528 615 580 ἴωμεν]
640 528 720 583 πρῲ
739 531 814 585 γάρ
831 527 918 574 ἐςιν.
941 529 981 567 in
999 531 1364 576 ΜΗΠΩΓΩΓΑΘΕ

176 593 342 629 alterum
374 593 440 631 ΩΓ
465 595 647 631 omissum
675 600 752 639 est,
795 595 887 632 hinc
920 600 1025 647 μήπω
1057 597 1181 649 ἀγαθέ
1216 606 1361 639 ortum.

175 658 295 697 Attici
320 665 450 698 autem
477 661 518 699 in
554 662 862 713 frequentissima
892 663 1041 714 ellipsi,
1072 677 1193 715 quam
1222 665 1365 704 sciolus

176 726 308 776 inepte
328 726 516 777 explevit,
539 739 619 764 non
641 727 753 764 aliter
771 741 892 778 quam
908 732 1053 780 μήπωγε
1072 729 1204 766 dicere
1223 731 1361 768 solent.

176 790 278 830 Vide
301 791 604 843 Aristophanem
626 792 665 830 in
690 793 838 844 Equitt.
862 793 972 833 1098.
1003 794 1108 833 Nub.
1129 793 1203 833 196
1217 801 1254 833 et
1267 795 1359 836 267.

171 855 306 894 Melius
333 865 483 896 servata
510 865 565 896 est
592 859 632 897 in
663 859 844 898 Phaedro
867 876 907 912 p.
930 861 1023 901 242.
1049 875 1083 899 a.
1114 860 1185 913 ἐγὼ
1213 861 1271 902 τὸν
1294 877 1360 903 πο-

174 923 285 976 ταμὸν
323 924 454 964 τουτονὶ
481 924 617 977 διαβάς
643 926 861 982 ἀπέρχομαι.
891 949 943 955 -—
962 927 1123 981 μήπωγ’,
1151 925 1181 967 ὦ
1210 929 1359 984 Σώκρα-

173 1003 230 1035 τες
239 1022 255 1041 ,
297 990 378 1046 πρὶν
413 991 456 1030 ἂν
492 991 531 1031 τὸ
560 995 683 1045 καῦμα
717 992 899 1047 παρέλθῃ.
955 993 1062 1031 Haec
1104 994 1233 1031 omnia
1271 995 1362 1033 satis

170 1062 277 1093 certa
297 1063 407 1095 sunt:
438 1059 606 1096 certiora
629 1059 745 1096 etiam
775 1071 818 1096 ea
834 1088 843 1104 ‚
876 1058 943 1096 ubi
967 1060 1076 1097 scioli
1095 1060 1136 1097 in
1160 1061 1358 1111 explican-

171 1122 224 1160 do
248 1123 338 1161 loco
361 1131 605 1171 erraverunt,
639 1131 682 1163 ut
704 1125 745 1163 in
764 1123 936 1163 Platonis
958 1124 1152 1178 Apologia
1176 1140 1217 1177 p.
1235 1124 1301 1164 20.
1319 1139 1356 1164 c.

179 1187 209 1228 ὦ
234 1191 447 1246 Σώκρατες,
476 1192 515 1230 τὸ
542 1192 605 1230 σὸν
631 1192 669 1230 τί
691 1191 747 1236 ἐςι
775 1198 954 1246 πρᾶγμα,·
990 1193 1101 1231 πόθεν
1129 1192 1165 1230 αἱ
1192 1191 1366 1244 διαβολαί

176 1270 229 1295 σοι
265 1254 370 1296 αὗται
404 1260 589 1312 γεγόνασιν
598 1276 615 1310 ,-
652 1258 691 1298 οὐ
728 1259 801 1315 γὰρ
836 1257 954 1301 δήπου
992 1261 1052 1297 σοῦ
1086 1257 1121 1310 γ’
1156 1256 1257 1297 οὐδὲν
1291 1264 1361 1299 τῶν

171 1322 291 1362 ἄλλων
317 1326 556 1378 περιττότερον
578 1324 914 1379 πραγματευομένου
936 1325 1057 1362 ἔπειτα
1082 1325 1235 1366 τοσαύτη
1258 1329 1357 1380 φήμη

171 1404 210 1428 τε
247 1389 307 1428 καὶ
338 1389 442 1443 λόγος
482 1391 622 1443 γέγονεν
659 1390 706 1441 [εἷ
737 1393 785 1442 μή
822 1404 855 1428 τι
889 1391 1059 1444 ἔπραττες
1093 1389 1236 1429 α’λλοῖον
1268 1392 1290 1434 ἢ
1326 1394 1357 1432 οἱ

168 1455 326 1507 πολλοιΊ.
376 1456 530 1493 Sciolus
564 1456 667 1493 enim
706 1468 788 1493 non
828 1455 1101 1493 animadvertit
1136 1457 1238 1497 οὐδέν
1275 1472 1356 1498 non

169 1521 281 1575 μηδέν
310 1522 501 1574 scriptum
525 1535 604 1560 esse
631 1534 762 1573 neque
787 1520 913 1574 ἐγένετ’
936 1525 981 1560 ἄν
1010 1522 1075 1560 sed
1103 1525 1265 1578 γέγονεν,
1294 1532 1353 1565 at-

168 1603 250 1642 que
278 1589 378 1627 adeo
403 1603 556 1628 sensum
585 1602 665 1627 esse
696 1589 823 1626 hunc:
862 1590 883 1631 ἡ
911 1591 1072 1642 γεγονυῖα
1098 1594 1194 1645 φήμη
1220 1591 1259 1631 οὐ
1290 1593 1351 1646 γέ-

167 1670 264 1709 γονεν
294 1658 376 1695 ἄνευ
406 1659 467 1695 τοῦ
503 1655 833 1710 πραγματεύεσθαί
855 1670 888 1694 τι
921 1653 962 1694 σὲ
993 1660 1062 1694 τῶν
1088 1656 1204 1695 ἄλλων
1233 1672 1352 1712 περιτ-

166 1726 315 1777 τότερον.
352 1735 461 1760 nunc
495 1724 615 1775 igitur
650 1724 753 1761 duae
793 1723 1005 1761 sententiae
1042 1736 1147 1774 quae
1183 1724 1354 1764 adversis

164 1789 361 1828 frontibus
384 1796 625 1827 concurrunt
653 1791 693 1828 in
713 1789 840 1828 verbis
861 1788 1031 1827 Platonis
1051 1790 1225 1828 inclusae
1248 1798 1351 1829 sunt.

164 1856 304 1895 Poetas
333 1868 497 1908 quoque
528 1856 666 1894 eadem
693 1855 800 1894 labes
831 1855 960 1894 affecit
988 1856 1247 1906 solebantque
1282 1857 1353 1895 sci-

164 1924 216 1961 oli
233 1928 299 1960 aut
313 1923 495 1960 metricas
513 1923 833 1973 interpolationes
857 1921 1022 1969 addere,
1049 1928 1092 1959 ut
1105 1922 1145 1959 in
1159 1922 1345 1969 Homero,

164 1996 233 2028 aut
261 1990 473 2027 vetustiora
509 1989 850 2040 interpretamenta
885 2000 957 2039 per
986 1988 1062 2025 vim
1090 1989 1251 2026 metrica
1289 1989 1351 2027 fa-

163 2067 276 2100 cere,
316 2059 383 2092 aut
419 2053 536 2092 etiam
571 2053 768 2091 interdum
804 2064 899 2090 casu
934 2052 1111 2104 quodam
1147 2053 1345 2106 adscripta

162 2121 374 2172 explicatio
403 2132 494 2157 cum
522 2118 692 2156 numeris
718 2130 899 2155 versuum
925 2117 1204 2165 conveniebat,
1235 2119 1347 2171 quod

160 2186 306 2225 accidit
334 2186 376 2223 in
407 2184 617 2236 Sophoclis
643 2184 764 2222 Aiace
794 2196 847 2221 vs.
878 2182 964 2222 167.
994 2196 1084 2235 sqq.

349 2250 433 2291 ἀλλ’
456 2254 517 2292 ὅτε
546 2252 617 2307 γὰρ
646 2249 693 2293 δὴ
722 2250 761 2289 τὸ
788 2249 849 2289 σὸν
877 2249 961 2302 ὄμμ’
989 2248 1157 2305 α’πέὸραν

349 2320 570 2371 παταγοῦσιν
598 2321 663 2357 ἅτε
692 2321 833 2359 πτηνῶν
861 2316 1007 2369 α’γέλαι.
