<?xml version="1.0" encoding="UTF-8"?>
<!DOCTYPE html PUBLIC "-//W3C//DTD XHTML 1.0 Transitional//EN"
    "http://www.w3.org/TR/xhtml1/DTD/xhtml1-transitional.dtd">
<html xmlns="http://www.w3.org/1999/xhtml" xml:lang="en" lang="en">
 <head>
  <title>
</title>
<meta http-equiv="Content-Type" content="text/html;charset=utf-8" />
  <meta name='ocr-system' content='tesseract 3.04.00' />
  <meta name='ocr-capabilities' content='ocr_page ocr_carea ocr_par ocr_line ocrx_word'/>
</head>
<body>
  <div class='ocr_page' id='page_1' title='image "4738083_0074.png"; bbox 0 0 1572 2801; ppageno 0'>
   <div class='ocr_carea' id='block_1_1' title="bbox 739 159 797 202">
    <p class='ocr_par' dir='ltr' id='par_1_1' title="bbox 739 159 797 202">
     <span class='ocr_line' id='line_1_1' title="bbox 739 159 797 202; baseline 0 0"><span class='ocrx_word' id='word_1_1' title='bbox 739 159 797 202; x_wconf 83' lang='lat'><strong>60</strong></span> 
     </span>
    </p>
   </div>
   <div class='ocr_carea' id='block_1_2' title="bbox 172 289 1366 2324">
    <p class='ocr_par' dir='ltr' id='par_1_2' title="bbox 172 289 1366 2324">
     <span class='ocr_line' id='line_1_2' title="bbox 176 289 1359 346; baseline 0.005 -17"><span class='ocrx_word' id='word_1_2' title='bbox 176 290 451 344; x_wconf 80' lang='lat' dir='ltr'>(Pythagoras)</span> <span class='ocrx_word' id='word_1_3' title='bbox 482 289 521 329; x_wconf 87' lang='grc' dir='ltr'><strong>τὸ</strong></span> <span class='ocrx_word' id='word_1_4' title='bbox 540 291 718 329; x_wconf 67' lang='grc' dir='ltr'><strong>νουθετεῖν</strong></span> <span class='ocrx_word' id='word_1_5' title='bbox 739 290 939 346; x_wconf 73' lang='grc' dir='ltr'><strong>πελαργσῖν.</strong></span> <span class='ocrx_word' id='word_1_6' title='bbox 984 294 1292 334; x_wconf 81' lang='lat' dir='ltr'>Hemsterhusius</span> <span class='ocrx_word' id='word_1_7' title='bbox 1317 298 1359 335; x_wconf 78' lang='lat' dir='ltr'><strong>in</strong></span> 
     </span>
     <span class='ocr_line' id='line_1_3' title="bbox 174 355 1356 412; baseline 0.005 -17"><span class='ocrx_word' id='word_1_8' title='bbox 174 358 425 396; x_wconf 77' lang='lat' dir='ltr'>annotatione</span> <span class='ocrx_word' id='word_1_9' title='bbox 452 357 528 394; x_wconf 90' lang='lat' dir='ltr'><strong>MS.</strong></span> <span class='ocrx_word' id='word_1_10' title='bbox 570 357 638 394; x_wconf 80' lang='lat' dir='ltr'><strong>»L.</strong></span> <span class='ocrx_word' id='word_1_11' title='bbox 666 355 854 412; x_wconf 74' lang='grc' dir='ltr'><em>πεδαρτᾶν</em></span> <span class='ocrx_word' id='word_1_12' title='bbox 877 359 1080 409; x_wconf 87' lang='lat' dir='ltr'>quomodo</span> <span class='ocrx_word' id='word_1_13' title='bbox 1107 361 1356 400; x_wconf 86' lang='lat' dir='ltr'>scribendum</span> 
     </span>
     <span class='ocr_line' id='line_1_4' title="bbox 173 423 1357 475; baseline 0.003 -15"><span class='ocrx_word' id='word_1_14' title='bbox 173 430 270 475; x_wconf 90' lang='lat' dir='ltr'>puto</span> <span class='ocrx_word' id='word_1_15' title='bbox 309 425 426 461; x_wconf 86' lang='lat' dir='ltr'>etiam</span> <span class='ocrx_word' id='word_1_16' title='bbox 465 425 502 460; x_wconf 89' lang='lat' dir='ltr'><strong>in</strong></span> <span class='ocrx_word' id='word_1_17' title='bbox 542 423 761 460; x_wconf 80' lang='lat' dir='ltr'>Iamblicho</span> <span class='ocrx_word' id='word_1_18' title='bbox 789 423 837 461; x_wconf 86' lang='lat' dir='ltr'><strong>de</strong></span> <span class='ocrx_word' id='word_1_19' title='bbox 867 424 913 463; x_wconf 91' lang='lat' dir='ltr'><strong>V.</strong></span> <span class='ocrx_word' id='word_1_20' title='bbox 943 424 984 461; x_wconf 88' lang='lat' dir='ltr'><strong>P.</strong></span> <span class='ocrx_word' id='word_1_21' title='bbox 1014 438 1042 463; x_wconf 85' lang='lat' dir='ltr'><strong>s.</strong></span> <span class='ocrx_word' id='word_1_22' title='bbox 1072 425 1186 464; x_wconf 82' lang='lat' dir='ltr'><strong>l97.“</strong></span> <span class='ocrx_word' id='word_1_23' title='bbox 1234 427 1357 465; x_wconf 87' lang='lat' dir='ltr'>Simul</span> 
     </span>
     <span class='ocr_line' id='line_1_5' title="bbox 172 488 1358 545; baseline 0.007 -20"><span class='ocrx_word' id='word_1_24' title='bbox 172 489 418 527; x_wconf 83' lang='lat' dir='ltr'>reddendum</span> <span class='ocrx_word' id='word_1_25' title='bbox 446 495 526 526; x_wconf 79' lang='lat' dir='ltr'>erat</span> <span class='ocrx_word' id='word_1_26' title='bbox 545 488 781 545; x_wconf 80' lang='grc' dir='ltr'><strong>πεδαρτοὶσεις</strong></span> <span class='ocrx_word' id='word_1_27' title='bbox 795 490 1042 535; x_wconf 76' lang='lat' dir='ltr'><strong>Aristoxeno,</strong></span> <span class='ocrx_word' id='word_1_28' title='bbox 1062 492 1103 529; x_wconf 89' lang='lat' dir='ltr'><strong>in</strong></span> <span class='ocrx_word' id='word_1_29' title='bbox 1128 493 1217 530; x_wconf 90' lang='lat' dir='ltr'>loco</span> <span class='ocrx_word' id='word_1_30' title='bbox 1239 508 1358 545; x_wconf 84' lang='lat' dir='ltr'>quem</span> 
     </span>
     <span class='ocr_line' id='line_1_6' title="bbox 173 554 1356 613; baseline 0.005 -21"><span class='ocrx_word' id='word_1_31' title='bbox 173 556 232 592; x_wconf 82' lang='lat' dir='ltr'><strong>bis</strong></span> <span class='ocrx_word' id='word_1_32' title='bbox 260 555 498 592; x_wconf 71' lang='lat' dir='ltr'>lamblichus</span> <span class='ocrx_word' id='word_1_33' title='bbox 523 554 739 604; x_wconf 78' lang='lat' dir='ltr'><strong>descripsit.</strong></span> <span class='ocrx_word' id='word_1_34' title='bbox 773 554 792 605; x_wconf 80' lang='lat'>§</span> <span class='ocrx_word' id='word_1_35' title='bbox 824 555 908 592; x_wconf 86' lang='grc'><strong>101.</strong></span> <span class='ocrx_word' id='word_1_36' title='bbox 938 563 975 592; x_wconf 88' lang='lat' dir='ltr'><strong>et</strong></span> <span class='ocrx_word' id='word_1_37' title='bbox 999 557 1090 593; x_wconf 86' lang='lat'>231.</span> <span class='ocrx_word' id='word_1_38' title='bbox 1120 558 1185 601; x_wconf 78' lang='grc' dir='ltr'><strong>τὰς</strong></span> <span class='ocrx_word' id='word_1_39' title='bbox 1207 557 1356 613; x_wconf 85' lang='grc' dir='ltr'><strong>ἐπανορ-</strong></span> 
     </span>
     <span class='ocr_line' id='line_1_7' title="bbox 174 619 1356 677; baseline 0.004 -18"><span class='ocrx_word' id='word_1_40' title='bbox 174 623 305 666; x_wconf 65' lang='grc' dir='ltr'><strong>θώσεις</strong></span> <span class='ocrx_word' id='word_1_41' title='bbox 334 636 371 659; x_wconf 90' lang='grc' dir='ltr'><strong>τε</strong></span> <span class='ocrx_word' id='word_1_42' title='bbox 393 620 453 658; x_wconf 84' lang='grc' dir='ltr'><strong>καὶ</strong></span> <span class='ocrx_word' id='word_1_43' title='bbox 481 620 727 670; x_wconf 64' lang='grc' dir='ltr'><strong>νουθετήσεις,</strong></span> <span class='ocrx_word' id='word_1_44' title='bbox 756 619 799 663; x_wconf 80' lang='grc' dir='ltr'><strong>ἃς</strong></span> <span class='ocrx_word' id='word_1_45' title='bbox 825 619 873 662; x_wconf 82' lang='grc' dir='ltr'><strong>δὴ</strong></span> <span class='ocrx_word' id='word_1_46' title='bbox 911 621 1240 677; x_wconf 81' lang='grc' dir='ltr'><strong>πεδαρτάσεις</strong></span> <span class='ocrx_word' id='word_1_47' title='bbox 1269 625 1356 664; x_wconf 79' lang='grc' dir='ltr'><strong>ε’κοὶ-</strong></span> 
     </span>
     <span class='ocr_line' id='line_1_8' title="bbox 175 678 1355 742; baseline 0.003 -15"><span class='ocrx_word' id='word_1_48' title='bbox 175 689 257 727; x_wconf 91' lang='grc' dir='ltr'><strong>λουν</strong></span> <span class='ocrx_word' id='word_1_49' title='bbox 284 689 404 728; x_wconf 83' lang='grc' dir='ltr'><strong>ἐκεῖνοι</strong></span> <span class='ocrx_word' id='word_1_50' title='bbox 436 689 529 739; x_wconf 79' lang='grc' dir='ltr'><strong>μετὰ</strong></span> <span class='ocrx_word' id='word_1_51' title='bbox 561 686 695 731; x_wconf 82' lang='grc' dir='ltr'><strong>πολλῆς</strong></span> <span class='ocrx_word' id='word_1_52' title='bbox 727 688 893 740; x_wconf 73' lang='grc' dir='ltr'><strong>εὐφημίαις</strong></span> <span class='ocrx_word' id='word_1_53' title='bbox 928 692 1034 741; x_wconf 85' lang='grc' dir='ltr'><strong>ᾤοντο</strong></span> <span class='ocrx_word' id='word_1_54' title='bbox 1065 688 1141 728; x_wconf 83' lang='grc' dir='ltr'><strong>δεῖν</strong></span> <span class='ocrx_word' id='word_1_55' title='bbox 1174 678 1355 742; x_wconf 27' lang='grc' dir='ltr'><strong>γενέσθαι..</strong></span> 
     </span>
     <span class='ocr_line' id='line_1_9' title="bbox 175 751 1361 806; baseline 0.004 -15"><span class='ocrx_word' id='word_1_56' title='bbox 175 755 241 791; x_wconf 87' lang='lat' dir='ltr'><strong>ubi</strong></span> <span class='ocrx_word' id='word_1_57' title='bbox 282 755 399 804; x_wconf 79' lang='lat' dir='ltr'>vulgo</span> <span class='ocrx_word' id='word_1_58' title='bbox 439 754 580 804; x_wconf 85' lang='lat' dir='ltr'>legitur</span> <span class='ocrx_word' id='word_1_59' title='bbox 618 751 894 806; x_wconf 74' lang='grc' dir='ltr'><strong>παιδαρτάσεις.</strong></span> <span class='ocrx_word' id='word_1_60' title='bbox 966 754 1011 790; x_wconf 89' lang='lat' dir='ltr'><strong>In</strong></span> <span class='ocrx_word' id='word_1_61' title='bbox 1046 754 1236 794; x_wconf 80' lang='lat' dir='ltr'>Anaxilae</span> <span class='ocrx_word' id='word_1_62' title='bbox 1282 758 1361 798; x_wconf 81' lang='lat' dir='ltr'>fra-</span> 
     </span>
     <span class='ocr_line' id='line_1_10' title="bbox 175 819 1359 876; baseline 0.003 -18"><span class='ocrx_word' id='word_1_63' title='bbox 175 827 331 874; x_wconf 77' lang='lat' dir='ltr'>gmento</span> <span class='ocrx_word' id='word_1_64' title='bbox 357 820 594 871; x_wconf 85' lang='lat' dir='ltr'>lepidissimo</span> <span class='ocrx_word' id='word_1_65' title='bbox 623 833 687 870; x_wconf 74' lang='lat' dir='ltr'><strong>ap.</strong></span> <span class='ocrx_word' id='word_1_66' title='bbox 719 820 860 857; x_wconf 87' lang='lat' dir='ltr'>Athen.</span> <span class='ocrx_word' id='word_1_67' title='bbox 887 820 996 857; x_wconf 89' lang='lat' dir='ltr'>XllI.</span> <span class='ocrx_word' id='word_1_68' title='bbox 1014 819 1107 858; x_wconf 84' lang='lat'><strong>558.</strong></span> <span class='ocrx_word' id='word_1_69' title='bbox 1128 835 1180 860; x_wconf 90' lang='lat' dir='ltr'><strong>vs.</strong></span> <span class='ocrx_word' id='word_1_70' title='bbox 1202 823 1251 863; x_wconf 88' lang='lat'><strong>12</strong></span> <span class='ocrx_word' id='word_1_71' title='bbox 1269 837 1359 876; x_wconf 67' lang='lat' dir='ltr'><strong>sqq„</strong></span> 
     </span>
     <span class='ocr_line' id='line_1_11' title="bbox 175 884 651 924; baseline -0.006 -1"><span class='ocrx_word' id='word_1_72' title='bbox 175 900 288 924; x_wconf 83' lang='lat' dir='ltr'>sensu</span> <span class='ocrx_word' id='word_1_73' title='bbox 317 886 504 923; x_wconf 76' lang='lat' dir='ltr'>carebant</span> <span class='ocrx_word' id='word_1_74' title='bbox 535 884 651 921; x_wconf 79' lang='lat' dir='ltr'>haec:</span> 
     </span>
     <span class='ocr_line' id='line_1_12' title="bbox 231 945 1239 1006; baseline 0.001 -15"><span class='ocrx_word' id='word_1_75' title='bbox 231 954 260 991; x_wconf 83' lang='grc' dir='ltr'><strong>οἱ</strong></span> <span class='ocrx_word' id='word_1_76' title='bbox 288 954 427 1004; x_wconf 76' lang='grc' dir='ltr'><strong>Σινώπῃ</strong></span> <span class='ocrx_word' id='word_1_77' title='bbox 457 949 494 988; x_wconf 68' lang='grc' dir='ltr'><strong>δ”</strong></span> <span class='ocrx_word' id='word_1_78' title='bbox 521 945 565 987; x_wconf 78' lang='grc' dir='ltr'><strong>αὖ</strong></span> <span class='ocrx_word' id='word_1_79' title='bbox 593 951 749 995; x_wconf 78' lang='grc' dir='ltr'><strong>συνόντες</strong></span> <span class='ocrx_word' id='word_1_80' title='bbox 779 950 847 1002; x_wconf 76' lang='grc' dir='ltr'><strong>οὐχ</strong></span> <span class='ocrx_word' id='word_1_81' title='bbox 876 950 973 1006; x_wconf 80' lang='grc' dir='ltr'><strong>ὕδρᾳ</strong></span> <span class='ocrx_word' id='word_1_82' title='bbox 1003 952 1130 991; x_wconf 84' lang='grc' dir='ltr'><strong>σύνεισι</strong></span> <span class='ocrx_word' id='word_1_83' title='bbox 1156 957 1239 1006; x_wconf 57' lang='lat' dir='ltr'><strong>mh,-</strong></span> 
     </span>
     <span class='ocr_line' id='line_1_13' title="bbox 231 1017 1329 1075; baseline 0.005 -19"><span class='ocrx_word' id='word_1_84' title='bbox 231 1024 341 1075; x_wconf 68' lang='grc' dir='ltr'><strong>γραῦς</strong></span> <span class='ocrx_word' id='word_1_85' title='bbox 369 1018 431 1070; x_wconf 84' lang='grc' dir='ltr'><strong>μὲν</strong></span> <span class='ocrx_word' id='word_1_86' title='bbox 460 1019 549 1062; x_wconf 77' lang='grc' dir='ltr'><strong>αὕτη</strong></span> <span class='ocrx_word' id='word_1_87' title='bbox 563 1049 576 1067; x_wconf 88' lang='grc'>,</span> <span class='ocrx_word' id='word_1_88' title='bbox 605 1019 834 1072; x_wconf 79' lang='grc' dir='ltr'><strong>παραπέφυκε</strong></span> <span class='ocrx_word' id='word_1_89' title='bbox 863 1017 904 1071; x_wconf 25' lang='grc' dir='ltr'><strong>δ’)</strong></span> <span class='ocrx_word' id='word_1_90' title='bbox 928 1020 948 1061; x_wconf 81' lang='grc' dir='ltr'>ἡ</span> <span class='ocrx_word' id='word_1_91' title='bbox 976 1020 1156 1060; x_wconf 78' lang='grc' dir='ltr'><strong>Γνάθαινα</strong></span> <span class='ocrx_word' id='word_1_92' title='bbox 1184 1022 1329 1064; x_wconf 84' lang='grc' dir='ltr'><strong>πλησίον</strong></span> 
     </span>
     <span class='ocr_line' id='line_1_14' title="bbox 231 1081 1333 1134; baseline 0.002 -9"><span class='ocrx_word' id='word_1_93' title='bbox 231 1087 277 1131; x_wconf 88' lang='grc' dir='ltr'><strong>ὡς</strong></span> <span class='ocrx_word' id='word_1_94' title='bbox 305 1086 352 1124; x_wconf 79' lang='grc' dir='ltr'><strong>τα</strong></span> <span class='ocrx_word' id='word_1_95' title='bbox 381 1084 499 1123; x_wconf 79' lang='grc' dir='ltr'><strong>πολλοί</strong></span> <span class='ocrx_word' id='word_1_96' title='bbox 527 1083 560 1134; x_wconf 76' lang='grc' dir='ltr'><strong>γ’</strong></span> <span class='ocrx_word' id='word_1_97' title='bbox 589 1081 653 1121; x_wconf 87' lang='grc' dir='ltr'><strong>εἰσὶ</strong></span> <span class='ocrx_word' id='word_1_98' title='bbox 681 1084 823 1128; x_wconf 75' lang='grc' dir='ltr'><strong>ταύτης.</strong></span> <span class='ocrx_word' id='word_1_99' title='bbox 881 1084 971 1128; x_wconf 53' lang='lat' dir='ltr'><strong>&#39;Effe</strong></span> <span class='ocrx_word' id='word_1_100' title='bbox 998 1083 1185 1125; x_wconf 75' lang='grc' dir='ltr'><strong>διπλάσιον</strong></span> <span class='ocrx_word' id='word_1_101' title='bbox 1213 1091 1333 1128; x_wconf 83' lang='grc' dir='ltr'><strong>κακόν.</strong></span> 
     </span>
     <span class='ocr_line' id='line_1_15' title="bbox 230 1149 1206 1199; baseline 0 -9"><span class='ocrx_word' id='word_1_102' title='bbox 230 1151 482 1190; x_wconf 82' lang='lat' dir='ltr'>Dubitabitne</span> <span class='ocrx_word' id='word_1_103' title='bbox 520 1150 661 1199; x_wconf 76' lang='lat' dir='ltr'>aliquis</span> <span class='ocrx_word' id='word_1_104' title='bbox 689 1149 858 1186; x_wconf 87' lang='lat' dir='ltr'>scribere</span> <span class='ocrx_word' id='word_1_105' title='bbox 886 1162 978 1187; x_wconf 90' lang='lat' dir='ltr'><strong>cum</strong></span> <span class='ocrx_word' id='word_1_106' title='bbox 1006 1151 1206 1191; x_wconf 89' lang='lat' dir='ltr'>Dobraeo:</span> 
     </span>
     <span class='ocr_line' id='line_1_16' title="bbox 294 1215 1240 1269; baseline 0.004 -15"><span class='ocrx_word' id='word_1_107' title='bbox 294 1217 361 1262; x_wconf 75' lang='grc' dir='ltr'><strong>ὦς’</strong></span> <span class='ocrx_word' id='word_1_108' title='bbox 390 1217 634 1269; x_wconf 80' lang='grc' dir='ltr'><strong>ἀπαλλαγεῖσι</strong></span> <span class='ocrx_word' id='word_1_109' title='bbox 663 1217 794 1261; x_wconf 82' lang='grc' dir='ltr'><strong>ταύτης</strong></span> <span class='ocrx_word' id='word_1_110' title='bbox 822 1215 876 1260; x_wconf 78' lang='grc' dir='ltr'><strong>ἐςὶ</strong></span> <span class='ocrx_word' id='word_1_111' title='bbox 905 1216 1090 1256; x_wconf 75' lang='grc' dir='ltr'><strong>διπλάσιον</strong></span> <span class='ocrx_word' id='word_1_112' title='bbox 1118 1222 1240 1258; x_wconf 83' lang='grc' dir='ltr'><strong>κακόν.</strong></span> 
     </span>
     <span class='ocr_line' id='line_1_17' title="bbox 224 1282 1362 1337; baseline 0.002 -16"><span class='ocrx_word' id='word_1_113' title='bbox 224 1285 431 1321; x_wconf 79' lang='lat' dir='ltr'><strong>Praeclare</strong></span> <span class='ocrx_word' id='word_1_114' title='bbox 466 1295 595 1332; x_wconf 82' lang='lat' dir='ltr'>nuper</span> <span class='ocrx_word' id='word_1_115' title='bbox 632 1282 845 1318; x_wconf 87' lang='lat' dir='ltr'>Meinekius</span> <span class='ocrx_word' id='word_1_116' title='bbox 881 1284 922 1319; x_wconf 86' lang='lat' dir='ltr'><strong>in</strong></span> <span class='ocrx_word' id='word_1_117' title='bbox 955 1283 1175 1334; x_wconf 85' lang='lat' dir='ltr'>fragmento</span> <span class='ocrx_word' id='word_1_118' title='bbox 1209 1285 1362 1337; x_wconf 88' lang='lat' dir='ltr'>Hippo-</span> 
     </span>
     <span class='ocr_line' id='line_1_18' title="bbox 177 1348 1362 1403; baseline 0.002 -15"><span class='ocrx_word' id='word_1_119' title='bbox 177 1351 320 1388; x_wconf 78' lang='lat' dir='ltr'>nactis:</span> <span class='ocrx_word' id='word_1_120' title='bbox 371 1348 462 1401; x_wconf 88' lang='grc' dir='ltr'><em>μηδέ</em></span> <span class='ocrx_word' id='word_1_121' title='bbox 507 1364 580 1401; x_wconf 88' lang='grc' dir='ltr'><strong>μοι</strong></span> <span class='ocrx_word' id='word_1_122' title='bbox 620 1352 677 1400; x_wconf 79' lang='grc' dir='ltr'><strong>μῦ</strong></span> <span class='ocrx_word' id='word_1_123' title='bbox 725 1348 889 1387; x_wconf 85' lang='grc' dir='ltr'><strong>λαλεῖν</strong></span> <span class='ocrx_word' id='word_1_124' title='bbox 935 1349 1114 1401; x_wconf 83' lang='grc' dir='ltr'><strong>Λεβεδιήν</strong></span> <span class='ocrx_word' id='word_1_125' title='bbox 1150 1350 1279 1403; x_wconf 78' lang='grc' dir='ltr'><strong>ἰσχάδ’</strong></span> <span class='ocrx_word' id='word_1_126' title='bbox 1323 1351 1362 1390; x_wconf 85' lang='grc' dir='ltr'><strong>ἐκ</strong></span> 
     </span>
     <span class='ocr_line' id='line_1_19' title="bbox 178 1414 1366 1469; baseline -0.002 -13"><span class='ocrx_word' id='word_1_127' title='bbox 178 1415 436 1469; x_wconf 78' lang='grc' dir='ltr'><strong>Καμανδωδοῦ</strong></span> <span class='ocrx_word' id='word_1_128' title='bbox 458 1415 677 1452; x_wconf 79' lang='lat' dir='ltr'>emendavit</span> <span class='ocrx_word' id='word_1_129' title='bbox 698 1414 910 1467; x_wconf 84' lang='grc' dir='ltr'><strong>μοιμύλλειν.</strong></span> <span class='ocrx_word' id='word_1_130' title='bbox 931 1416 1020 1453; x_wconf 88' lang='lat' dir='ltr'>vide</span> <span class='ocrx_word' id='word_1_131' title='bbox 1035 1416 1221 1453; x_wconf 83' lang='lat' dir='ltr'>Babrium</span> <span class='ocrx_word' id='word_1_132' title='bbox 1242 1417 1366 1454; x_wconf 84' lang='lat' dir='ltr'>Lach-</span> 
     </span>
     <span class='ocr_line' id='line_1_20' title="bbox 177 1481 1361 1534; baseline -0.002 -12"><span class='ocrx_word' id='word_1_133' title='bbox 177 1484 386 1534; x_wconf 59' lang='lat' dir='ltr'>manni&#39;p.</span> <span class='ocrx_word' id='word_1_134' title='bbox 422 1482 496 1519; x_wconf 89' lang='grc'><strong>115</strong></span> <span class='ocrx_word' id='word_1_135' title='bbox 522 1494 583 1532; x_wconf 84' lang='lat' dir='ltr'><strong>sq.</strong></span> <span class='ocrx_word' id='word_1_136' title='bbox 635 1481 698 1518; x_wconf 85' lang='lat' dir='ltr'><strong>Est</strong></span> <span class='ocrx_word' id='word_1_137' title='bbox 730 1493 875 1532; x_wconf 86' lang='lat' dir='ltr'>operae</span> <span class='ocrx_word' id='word_1_138' title='bbox 906 1481 1076 1532; x_wconf 85' lang='lat' dir='ltr'>pretium</span> <span class='ocrx_word' id='word_1_139' title='bbox 1109 1481 1241 1519; x_wconf 83' lang='lat' dir='ltr'>videre</span> <span class='ocrx_word' id='word_1_140' title='bbox 1271 1483 1361 1534; x_wconf 89' lang='lat' dir='ltr'>qui-</span> 
     </span>
     <span class='ocr_line' id='line_1_21' title="bbox 178 1545 1365 1598; baseline -0.001 -12"><span class='ocrx_word' id='word_1_141' title='bbox 178 1550 250 1586; x_wconf 91' lang='lat' dir='ltr'><strong>bus</strong></span> <span class='ocrx_word' id='word_1_142' title='bbox 291 1547 418 1584; x_wconf 88' lang='lat' dir='ltr'>modis</span> <span class='ocrx_word' id='word_1_143' title='bbox 449 1545 592 1581; x_wconf 85' lang='lat' dir='ltr'>eruditi</span> <span class='ocrx_word' id='word_1_144' title='bbox 637 1545 811 1582; x_wconf 87' lang='lat' dir='ltr'>homines</span> <span class='ocrx_word' id='word_1_145' title='bbox 849 1547 940 1582; x_wconf 87' lang='lat' dir='ltr'>istos</span> <span class='ocrx_word' id='word_1_146' title='bbox 979 1548 1106 1591; x_wconf 88' lang='lat' dir='ltr'>locos,</span> <span class='ocrx_word' id='word_1_147' title='bbox 1151 1554 1365 1598; x_wconf 83' lang='lat' dir='ltr'>antequam</span> 
     </span>
     <span class='ocr_line' id='line_1_22' title="bbox 177 1609 1364 1662; baseline -0.001 -10"><span class='ocrx_word' id='word_1_148' title='bbox 177 1612 371 1652; x_wconf 87' lang='lat' dir='ltr'>emendati</span> <span class='ocrx_word' id='word_1_149' title='bbox 403 1609 722 1654; x_wconf 76' lang='lat' dir='ltr'><strong>essent‚‘fuerint</strong></span> <span class='ocrx_word' id='word_1_150' title='bbox 756 1611 1013 1662; x_wconf 83' lang='lat' dir='ltr'>interpretati.</span> <span class='ocrx_word' id='word_1_151' title='bbox 1057 1611 1250 1650; x_wconf 79' lang='lat' dir='ltr'>Adiiciam</span> <span class='ocrx_word' id='word_1_152' title='bbox 1288 1613 1364 1652; x_wconf 85' lang='lat' dir='ltr'>alia</span> 
     </span>
     <span class='ocr_line' id='line_1_23' title="bbox 175 1676 1362 1733; baseline -0.002 -15"><span class='ocrx_word' id='word_1_153' title='bbox 175 1692 325 1733; x_wconf 87' lang='lat' dir='ltr'>pauca,</span> <span class='ocrx_word' id='word_1_154' title='bbox 357 1676 423 1714; x_wconf 88' lang='lat' dir='ltr'><strong>ubi</strong></span> <span class='ocrx_word' id='word_1_155' title='bbox 449 1688 539 1714; x_wconf 88' lang='lat' dir='ltr'>vera</span> <span class='ocrx_word' id='word_1_156' title='bbox 566 1676 682 1712; x_wconf 82' lang='lat' dir='ltr'>lectio</span> <span class='ocrx_word' id='word_1_157' title='bbox 707 1682 796 1713; x_wconf 82' lang='lat' dir='ltr'>ante</span> <span class='ocrx_word' id='word_1_158' title='bbox 818 1677 938 1727; x_wconf 86' lang='lat' dir='ltr'>pedes</span> <span class='ocrx_word' id='word_1_159' title='bbox 970 1684 1025 1714; x_wconf 88' lang='lat' dir='ltr'><strong>est</strong></span> <span class='ocrx_word' id='word_1_160' title='bbox 1054 1678 1362 1716; x_wconf 67' lang='lat' dir='ltr'><strong>simiti&#39;librario-</strong></span> 
     </span>
     <span class='ocr_line' id='line_1_24' title="bbox 176 1740 1364 1794; baseline -0.003 -10"><span class='ocrx_word' id='word_1_161' title='bbox 176 1760 264 1784; x_wconf 91' lang='lat' dir='ltr'><strong>rum</strong></span> <span class='ocrx_word' id='word_1_162' title='bbox 292 1750 453 1794; x_wconf 82' lang='lat' dir='ltr'>stupore</span> <span class='ocrx_word' id='word_1_163' title='bbox 481 1740 614 1777; x_wconf 81' lang='lat' dir='ltr'>adhuc</span> <span class='ocrx_word' id='word_1_164' title='bbox 642 1741 755 1777; x_wconf 87' lang='lat' dir='ltr'>foede</span> <span class='ocrx_word' id='word_1_165' title='bbox 784 1748 987 1792; x_wconf 87' lang='lat' dir='ltr'>corrupta.</span> <span class='ocrx_word' id='word_1_166' title='bbox 1029 1742 1211 1794; x_wconf 85' lang='lat' dir='ltr'>Sophista</span> <span class='ocrx_word' id='word_1_167' title='bbox 1235 1744 1364 1782; x_wconf 83' lang='lat' dir='ltr'>incer-</span> 
     </span>
     <span class='ocr_line' id='line_1_25' title="bbox 177 1806 1363 1861; baseline 0.003 -18"><span class='ocrx_word' id='word_1_168' title='bbox 177 1819 261 1854; x_wconf 71' lang='lat' dir='ltr'><strong>tus,</strong></span> <span class='ocrx_word' id='word_1_169' title='bbox 294 1810 363 1860; x_wconf 88' lang='lat' dir='ltr'><strong>qui</strong></span> <span class='ocrx_word' id='word_1_170' title='bbox 402 1806 541 1844; x_wconf 87' lang='lat' dir='ltr'>Dorice</span> <span class='ocrx_word' id='word_1_171' title='bbox 574 1806 725 1857; x_wconf 81' lang='lat' dir='ltr'>scripsit</span> <span class='ocrx_word' id='word_1_172' title='bbox 760 1807 799 1844; x_wconf 91' lang='lat' dir='ltr'><strong>in</strong></span> <span class='ocrx_word' id='word_1_173' title='bbox 833 1806 940 1845; x_wconf 84' lang='lat' dir='ltr'>Galei</span> <span class='ocrx_word' id='word_1_174' title='bbox 968 1806 1179 1859; x_wconf 84' lang='lat' dir='ltr'>Opusculis</span> <span class='ocrx_word' id='word_1_175' title='bbox 1205 1824 1246 1861; x_wconf 89' lang='lat' dir='ltr'><strong>p.</strong></span> <span class='ocrx_word' id='word_1_176' title='bbox 1274 1809 1363 1850; x_wconf 82' lang='lat'><strong>728.</strong></span> 
     </span>
     <span class='ocr_line' id='line_1_26' title="bbox 179 1871 1364 1926; baseline -0.002 -10"><span class='ocrx_word' id='word_1_177' title='bbox 179 1879 270 1916; x_wconf 85' lang='grc' dir='ltr'><strong>οὕτω</strong></span> <span class='ocrx_word' id='word_1_178' title='bbox 297 1875 529 1926; x_wconf 64' lang='grc' dir='ltr'><strong>μανθάνομες</strong></span> <span class='ocrx_word' id='word_1_179' title='bbox 551 1873 598 1910; x_wconf 80' lang='grc' dir='ltr'><strong>τὰ</strong></span> <span class='ocrx_word' id='word_1_180' title='bbox 621 1872 781 1923; x_wconf 84' lang='grc' dir='ltr'><strong>ὀνύματα</strong></span> <span class='ocrx_word' id='word_1_181' title='bbox 808 1872 867 1910; x_wconf 84' lang='grc' dir='ltr'><strong>καὶ</strong></span> <span class='ocrx_word' id='word_1_182' title='bbox 895 1874 963 1917; x_wconf 89' lang='grc' dir='ltr'><strong>τὼς</strong></span> <span class='ocrx_word' id='word_1_183' title='bbox 994 1871 1228 1919; x_wconf 80' lang='grc' dir='ltr'><strong>διδασκάλως</strong></span> <span class='ocrx_word' id='word_1_184' title='bbox 1263 1875 1364 1914; x_wconf 78' lang='grc' dir='ltr'><strong>οὒκὶ</strong></span> 
     </span>
     <span class='ocr_line' id='line_1_27' title="bbox 180 1936 1365 1996; baseline 0 -17"><span class='ocrx_word' id='word_1_185' title='bbox 180 1943 307 1996; x_wconf 79' lang='grc' dir='ltr'><strong>ἁμές.</strong></span> <span class='ocrx_word' id='word_1_186' title='bbox 354 1940 438 1977; x_wconf 85' lang='lat' dir='ltr'><strong>Imo</strong></span> <span class='ocrx_word' id='word_1_187' title='bbox 465 1951 579 1975; x_wconf 86' lang='lat' dir='ltr'>vero:</span> <span class='ocrx_word' id='word_1_188' title='bbox 607 1937 670 1976; x_wconf 73' lang='grc' dir='ltr'><strong>οὐκ</strong></span> <span class='ocrx_word' id='word_1_189' title='bbox 695 1936 810 1990; x_wconf 82' lang='grc' dir='ltr'><strong>ἴδριες.</strong></span> <span class='ocrx_word' id='word_1_190' title='bbox 842 1938 1035 1976; x_wconf 88' lang='lat' dir='ltr'>Diodorus</span> <span class='ocrx_word' id='word_1_191' title='bbox 1062 1940 1237 1978; x_wconf 89' lang='lat' dir='ltr'>comicus</span> <span class='ocrx_word' id='word_1_192' title='bbox 1256 1941 1365 1994; x_wconf 86' lang='lat' dir='ltr'>apud</span> 
     </span>
     <span class='ocr_line' id='line_1_28' title="bbox 179 2004 543 2047; baseline -0.014 -1"><span class='ocrx_word' id='word_1_193' title='bbox 179 2008 323 2047; x_wconf 84' lang='lat' dir='ltr'>Athen.</span> <span class='ocrx_word' id='word_1_194' title='bbox 353 2005 422 2044; x_wconf 85' lang='lat' dir='ltr'><strong>Vl.</strong></span> <span class='ocrx_word' id='word_1_195' title='bbox 452 2004 543 2042; x_wconf 87' lang='lat'><strong>239.</strong></span> 
     </span>
     <span class='ocr_line' id='line_1_29' title="bbox 344 2070 1159 2126; baseline -0.001 -15"><span class='ocrx_word' id='word_1_196' title='bbox 344 2072 402 2112; x_wconf 86' lang='grc' dir='ltr'><strong>τὸν</strong></span> <span class='ocrx_word' id='word_1_197' title='bbox 429 2071 612 2126; x_wconf 72' lang='grc' dir='ltr'><strong>Ἠρακλέα</strong></span> <span class='ocrx_word' id='word_1_198' title='bbox 641 2075 781 2123; x_wconf 84' lang='grc' dir='ltr'><strong>τιμῶσα</strong></span> <span class='ocrx_word' id='word_1_199' title='bbox 810 2070 983 2124; x_wconf 85' lang='grc' dir='ltr'><strong>λαμπρῶς</strong></span> <span class='ocrx_word' id='word_1_200' title='bbox 1011 2072 1033 2112; x_wconf 79' lang='grc' dir='ltr'><em>ἡ</em></span> <span class='ocrx_word' id='word_1_201' title='bbox 1061 2071 1159 2116; x_wconf 84' lang='grc' dir='ltr'><strong>πόλις</strong></span> 
     </span>
     <span class='ocr_line' id='line_1_30' title="bbox 344 2135 1169 2190; baseline 0.002 -15"><span class='ocrx_word' id='word_1_202' title='bbox 344 2137 379 2176; x_wconf 84' lang='grc' dir='ltr'><strong>ἐν</strong></span> <span class='ocrx_word' id='word_1_203' title='bbox 407 2142 523 2175; x_wconf 82' lang='grc' dir='ltr'><strong>ἅπασι</strong></span> <span class='ocrx_word' id='word_1_204' title='bbox 550 2139 622 2181; x_wconf 81' lang='grc' dir='ltr'><strong>τοῖς</strong></span> <span class='ocrx_word' id='word_1_205' title='bbox 649 2135 771 2189; x_wconf 84' lang='grc' dir='ltr'><strong>δήμοις</strong></span> <span class='ocrx_word' id='word_1_206' title='bbox 800 2137 933 2180; x_wconf 64' lang='grc' dir='ltr'><strong>θυσίας</strong></span> <span class='ocrx_word' id='word_1_207' title='bbox 961 2139 1169 2190; x_wconf 77' lang='grc' dir='ltr'><strong>ποιουμένη,</strong></span> 
     </span>
     <span class='ocr_line' id='line_1_31' title="bbox 347 2202 1225 2258; baseline 0 -15"><span class='ocrx_word' id='word_1_208' title='bbox 347 2204 394 2248; x_wconf 88' lang='grc' dir='ltr'><strong>εἷς</strong></span> <span class='ocrx_word' id='word_1_209' title='bbox 423 2204 489 2247; x_wconf 82' lang='grc' dir='ltr'><strong>τὰς</strong></span> <span class='ocrx_word' id='word_1_210' title='bbox 517 2203 638 2247; x_wconf 87' lang='grc' dir='ltr'><strong>θυσίας</strong></span> <span class='ocrx_word' id='word_1_211' title='bbox 666 2202 799 2247; x_wconf 82' lang='grc' dir='ltr'><strong>ταύτας</strong></span> <span class='ocrx_word' id='word_1_212' title='bbox 828 2203 1043 2255; x_wconf 86' lang='grc' dir='ltr'><strong>παρασίτους</strong></span> <span class='ocrx_word' id='word_1_213' title='bbox 1072 2207 1123 2256; x_wconf 85' lang='grc' dir='ltr'><strong>τῷ</strong></span> <span class='ocrx_word' id='word_1_214' title='bbox 1149 2204 1225 2258; x_wconf 63' lang='grc' dir='ltr'><strong>,θεῷ</strong></span> 
     </span>
     <span class='ocr_line' id='line_1_32' title="bbox 346 2267 1139 2324; baseline -0.003 -14"><span class='ocrx_word' id='word_1_215' title='bbox 346 2269 521 2310; x_wconf 78' lang='grc' dir='ltr'><strong>οὐπώποθ’</strong></span> <span class='ocrx_word' id='word_1_216' title='bbox 549 2269 799 2322; x_wconf 80' lang='grc' dir='ltr'><strong>ἀπεκλήρωσεν</strong></span> <span class='ocrx_word' id='word_1_217' title='bbox 825 2267 908 2307; x_wconf 78' lang='grc' dir='ltr'><strong>οὐδὲ</strong></span> <span class='ocrx_word' id='word_1_218' title='bbox 935 2267 1139 2324; x_wconf 73' lang='grc' dir='ltr'><strong>παρέλαβεν</strong></span> 
     </span>
    </p>
   </div>
  </div>
 </body>
</html>
