1572 2801
759 223 817 265 49

189 354 240 393 de
267 367 423 399 amore,
463 368 580 407 quem
606 357 722 394 etiam
746 356 973 408 philosophi
1004 357 1210 404 senserint,
1242 359 1373 399 dicere

188 424 360 472 poetam.
391 422 436 460 ln
463 429 607 473 quarto
635 435 768 463 versu,
813 421 843 459 si
870 422 1092 460 Hermanno
1120 424 1270 471 credis,
1307 427 1369 464 ni-

186 487 241 524 hil
267 495 322 525 est
352 490 462 540 quod
492 502 735 540 quemquam
763 488 905 524 morari
935 489 1069 539 possit.
1108 490 1371 530 Ruhnkenius

182 552 287 598 κῦδος
353 560 575 592 correxerat
638 557 869 602 comparato
927 564 1039 590 versu
1100 554 1366 606 Theognidis:

183 618 332 664 κυδίςην
373 621 500 674 ἀρετὴν
542 620 615 663 τοῖς
646 619 807 657 συνιεῖσιν
838 620 927 669 ἔχει.
978 632 1097 669 quem
1137 620 1288 659 duriter
1327 628 1367 660 et

182 685 317 736 inique
353 685 561 734 increpa-ns
604 682 866 719 Hermannus:
911 682 1005 719 ‚hic
1042 696 1202 734 quoque
1240 686 1367 723 verba

181 749 255 786 ille
281 750 538 799 comparavit
573 747 622 784 de
656 751 787 784 mente
825 747 1080 799 consilioque
1113 751 1365 800 scriptorum

183 814 401 857 securus‚'’
446 811 590 862 quibus
628 811 747 861 igitur
791 811 960 859 primum
1001 817 1115 847 acute
1151 815 1367 863 perspectis

179 878 424 917 Hermannus
451 875 641 928 comperit
669 887 821 912 sensum
861 887 941 912 esse
967 874 1096 913 hunc:
1139 889 1282 915 curam
1317 880 1365 917 in

181 944 351 981 dicendo
384 957 504 980 suam
526 954 688 993 ponens
722 954 955 993 exsangues
987 942 1170 980 reddidit
1199 944 1363 994 sophis-

180 1015 249 1048 tas
282 1011 430 1062 gravis
460 1011 608 1047 virtus.
648 1008 774 1046 Paene
804 1020 1033 1047 succenseas
1069 1010 1152 1047 viro
1182 1009 1360 1047 acutissi-

176 1089 260 1120 mo,
303 1077 372 1126 qui
408 1081 485 1111 tam
514 1075 610 1111 levia
639 1074 722 1123 ipse
749 1075 958 1123 proiiciens
987 1074 1152 1111 subinde
1187 1075 1359 1112 Valcke-

179 1140 350 1185 naerios,
395 1137 681 1181 Ruhnkenios,
720 1136 911 1174 Porsonos
947 1138 1121 1175 cavillari
1167 1138 1286 1176 audet
1322 1144 1362 1176 et

178 1206 336 1250 rodere,
367 1216 468 1254 quos
495 1215 556 1239 me
589 1202 677 1238 dius
702 1201 820 1238 fidius

392 1265 606 1320 μωμήσεταί
629 1279 679 1308 τις
707 1264 845 1316 μᾶλλον
872 1266 894 1307 ἢ
922 1270 1129 1319 μιμήσεται.

176 1346 307 1385 neque
347 1333 487 1371 horum
529 1333 739 1383 quisquam
779 1346 968 1384 umquam
1015 1335 1056 1371 in
1096 1335 1267 1372 animum
1304 1335 1359 1373 in-

176 1400 344 1437 duxisset
370 1401 494 1450 μύὲων
525 1397 632 1443 κῆδος
660 1401 752 1450 ἔχειν
779 1400 839 1435 vel
867 1400 976 1450 apud
1003 1400 1357 1438 Hermesianactem

176 1478 255 1503 esse
278 1475 398 1515 vposse
428 1478 571 1502 curam
597 1465 644 1500 in
669 1463 840 1500 dicendo
868 1477 1049 1514 ponere,
1089 1471 1157 1503 aut
1181 1466 1355 1519 τρύεσθαι

173 1530 253 1586 περὶ
283 1537 405 1570 πᾶσαν
437 1530 559 1571 λαλιήν
597 1528 790 1566 Graecum
828 1541 932 1572 esse,
973 1536 1041 1567 aut
1083 1532 1356 1583 ἀποτρέπεσθαι

173 1610 254 1635 esse
284 1597 558 1648 propulsare,
601 1600 669 1631 aut
706 1593 912 1646 Φθανόμενοι
947 1593 1056 1634 δεινὸν
1083 1595 1120 1635 δ’
1153 1594 1265 1638 ἦλθον
1295 1596 1353 1652 ὑφ’

173 1662 333 1712 ἡνίοχον,
375 1659 486 1710 quod
515 1657 725 1695 barbarum
764 1663 820 1694 est
850 1663 887 1694 et
914 1671 1065 1697 versum
1101 1662 1349 1712 pessumdat,

168 1731 309 1779 poetae
336 1724 567 1768 obtrudere,
608 1729 675 1760 aut
712 1723 997 1776 ἀποτασσόμενον
1032 1732 1179 1764 vertere
1204 1727 1351 1766 distri-

171 1793 376 1835 buentem,
416 1801 519 1840 quae
547 1787 678 1824 omnia
706 1787 951 1826 Hermannus
983 1790 1121 1828 eadem
1145 1804 1238 1842 pag.
1273 1792 1354 1830 250

169 1857 415 1896 confidenter
440 1852 620 1890 affirmat.
660 1850 824 1889 Dabitur
859 1865 952 1905 ergo
982 1854 1077 1892 mihi
1117 1854 1218 1900 hoc,
1256 1855 1353 1895 nihil

169 1924 263 1961 dum
285 1923 366 1959 sani
390 1933 437 1957 ex
460 1920 539 1955 istis
562 1918 724 1955 extundi
750 1920 934 1968 potuisse.
967 1920 1072 1967 Quid
1092 1921 1247 1957 multa?
1275 1922 1351 1959 To·

169 1995 252 2028 tum
279 1998 436 2026 carmen
467 1989 549 2021 atra
576 1982 784 2021 verborum
812 1990 850 2022 et
877 1985 1154 2022 sententiarum
1184 1985 1351 2038 caligine

171 2055 389 2093 involutum
424 2056 479 2087 est
511 2061 586 2086 nec
620 2049 832 2098 quisquam
866 2061 946 2086 sese
983 2062 1172 2100 umquam
1209 2064 1257 2089 ex
1292 2052 1351 2090 his

171 2119 317 2158 aculeis
342 2102 393 2154 ‘et
426 2114 576 2166 laqueis
607 2113 750 2164 poterit
787 2113 986 2166 expedire.
1022 2113 1131 2152 Esto:
1161 2128 1252 2167 pars
1278 2116 1349 2154 ali-

169 2197 250 2235 qua
274 2184 416 2233 culpae
442 2186 497 2218 est
526 2180 566 2216 in
589 2178 767 2217 librarios
793 2180 1053 2224 conferenda,
1084 2181 1155 2230 qui
1183 2182 1349 2219 multum

171 2252 210 2284 et
233 2247 401 2298 graviter
426 2249 692 2296 peccaverunt
719 2243 761 2280 in
781 2244 931 2288 multis,
956 2257 1080 2294 quum
1107 2244 1349 2283 coecutirent

171 2313 212 2351 in
237 2311 438 2358 omnibus,
465 2311 608 2350 multos
627 2310 727 2349 adeo
745 2323 876 2349 versus
896 2310 950 2348 ita
975 2310 1347 2362 pessumdederunt,

1077 2372 1107 2415 4
