1572 2801
713 168 800 212 112

160 299 398 352 apographis
436 300 485 337 sit
519 306 719 352 repertum
759 300 929 352 expulsis
966 300 1067 339 veris
1107 300 1342 340 lectionibus

161 365 306 417 cupide
333 364 578 416 recipientes,
622 365 721 403 Sunt
747 366 817 417 qui
841 366 1115 404 difficillimum
1140 379 1341 419 quemque

157 431 327 482 primum
355 430 564 480 arripiant,
595 436 741 468 veteres
768 431 900 468 sordes
928 431 1065 469 sedulo
1090 437 1276 470 revocent
1306 436 1345 469 et

158 495 366 533 subitarias
393 495 582 533 editiones
608 501 812 547 tamquam
837 508 912 534 ova
941 497 1049 534 irrita
1082 496 1239 548 pariant
1270 509 1342 547 ap-

158 569 302 614 paratu
330 562 466 612 aliquo
485 564 632 600 crz'tico
655 568 853 607 oneratas,
880 563 921 601 in
942 575 1025 614 quo
1048 562 1145 600 locis
1167 561 1345 600 obscuris

158 642 206 666 ac
234 627 457 679 depravatis
484 639 565 665 non
593 633 745 665 tantum
770 627 866 665 nihil
894 640 1021 666 novae
1047 627 1134 679 opis
1155 626 1340 672 afferant,

159 694 227 732 sed
255 691 496 731 contendant
523 692 638 730 etiam
667 692 765 730 nihil
793 705 1033 744 magnopere
1057 693 1098 730 in
1125 692 1171 730 iis
1198 692 1341 736 inesse,

159 771 243 809 quo
272 757 362 809 quis
396 758 481 795 iure
513 757 658 795 offendi
687 758 822 809 possit.
869 758 960 798 Vidi
999 759 1068 810 qui
1095 758 1137 796 in
1163 757 1347 812 Aeschyli

158 823 440 863 Eumenidibus
469 815 621 861 versum
650 824 728 863 727
755 837 815 875 sq.

393 890 437 928 σύ
466 905 516 929 τοι
543 888 702 933 παλαιὰς
730 887 899 941 δαίμονας
924 890 1152 943 καταφθίσας

392 955 470 1007 οἴνῳ
498 956 763 1009 παρηπάτησας
789 955 953 1008 ἀρχαίας,
977 957 1085 999 θεάς.

163 1027 291 1073 spreta
317 1020 544 1058 criticorum
570 1020 805 1058 auctoritate
826 1020 875 1058 ab
896 1021 1002 1058 omni
1022 1020 1111 1058 labe
1134 1021 1345 1059 immunem

161 1099 241 1124 esse
275 1085 530 1123 contenderet
567 1090 605 1122 et
633 1084 749 1122 facile
785 1085 972 1136 explicari
1003 1098 1128 1137 posse.
1172 1085 1347 1136 Reperta

163 1165 270 1191 nunc
298 1152 338 1189 in
372 1151 511 1189 codice
545 1151 738 1190 Vaticano
770 1151 921 1203 (Schol.
954 1152 1005 1190 ad
1039 1153 1174 1204 Eurip.
1203 1152 1347 1191 Alcest.

162 1232 217 1258 vs.
250 1218 314 1268 12)
349 1230 438 1255 vera
468 1218 586 1255 lectio
621 1216 795 1269 διανομάς
822 1217 997 1255 declarat
1025 1219 1161 1269 quales
1189 1217 1263 1256 sint
1289 1218 1350 1255 iu·

164 1284 284 1321 dices.
328 1283 383 1320 De
408 1283 604 1334 Aeschylo
639 1284 733 1321 alias
759 1282 947 1320 dicemus.
988 1283 1092 1321 Malo
1128 1283 1236 1334 prius
1269 1283 1348 1321 Lu·

163 1349 279 1386 ciano
305 1360 555 1392 succurrere,
587 1347 657 1398 qui
690 1346 799 1384 haud
825 1347 876 1384 ita
906 1346 1061 1397 pridem
1085 1348 1137 1385 ad
1164 1348 1350 1386 codicum

164 1412 430 1464 quorumdam
457 1411 577 1449 fidem
603 1417 764 1449 exactus
791 1417 869 1448 tam
894 1411 998 1448 male
1021 1412 1179 1452 habitus
1202 1412 1350 1465 prodiit

166 1483 210 1526 ut
235 1477 351 1529 plura
375 1490 477 1516 nova
500 1477 661 1515 vulnera
686 1477 720 1514 ei
742 1476 891 1514 inflicta
914 1489 1035 1527 quam
1058 1484 1188 1516 vetera
1212 1483 1347 1516 sanata

168 1542 343 1580 credam.
377 1541 616 1580 Iacobitzius
639 1543 757 1586 enim,
787 1541 856 1591 qui
879 1540 983 1578 hanc
1003 1543 1172 1594 suscepit
1197 1543 1352 1594 provin-

167 1607 291 1653 ciam,
323 1621 448 1659 quum
472 1620 553 1645 non
579 1607 669 1644 satis
694 1607 733 1644 in
761 1605 919 1644 Graecis
945 1607 1065 1646 literis
1096 1614 1192 1646 esset
1222 1620 1352 1645 versa-

167 1678 229 1710 tus
278 1678 320 1709 ut
372 1670 517 1723 probas
565 1670 751 1707 lectiones
790 1682 812 1706 a
853 1669 1076 1725 depravatis
1117 1672 1353 1723 distinguere

167 1743 321 1788 posset,
360 1736 456 1774 alias
482 1736 655 1786 recepit,
691 1733 928 1786 improbavit
956 1736 1071 1781 alias,
1104 1741 1147 1774 ut
1175 1748 1288 1774 casus
1313 1740 1352 1772 et

169 1802 328 1840 fortuna
369 1801 548 1839 ferebant
583 1800 702 1838 modo
741 1801 910 1851 optimas
932 1801 1128 1839 'codicum
1171 1801 1359 1838 lectiones

167 1867 431 1919 iucogitanter
455 1879 660 1918 spernens,
693 1866 813 1903 modo
840 1866 1024 1917 pessimas
1057 1866 1236 1919 imperite
1262 1879 1357 1919 pro-

167 1932 288 1977 bans,
318 1939 362 1971 ut
388 1946 505 1984 saepe
532 1932 739 1983 suspiceris
766 1944 855 1969 eum
882 1943 963 1969 non
998 1932 1121 1983 magis
1151 1945 1273 1983 quam
1305 1932 1353 1970 li·

166 1998 318 2036 brarios
351 1999 547 2051 quosdam
583 2004 731 2036 veteres
758 1996 988 2034 intellexisse
1023 1996 1123 2048 quid
1154 1996 1354 2036 scriberet.

170 2064 302 2112 Quum
335 2065 419 2116 ipse
455 2066 495 2102 in
535 2064 649 2101 Italia
688 2063 847 2101 codices
884 2062 1037 2113 aliquot
1073 2062 1236 2100 Luciani
1275 2075 1357 2100 non

169 2129 251 2170 sine
289 2129 423 2167 fructu
461 2128 695 2166 excusserim
731 2133 820 2165 utar
855 2126 933 2164 hac
967 2121 1198 2170 occasione,
1238 2132 1282 2164 ut
1312 2127 1354 2168 in

170 2193 306 2245 aliquo
331 2195 494 2233 Luciani
521 2194 622 2231 libro
649 2192 850 2231 ostendam
879 2198 1073 2244 quantum
1099 2191 1141 2229 in
1163 2191 1232 2228 illo
1258 2192 1355 2230 scri-

168 2263 283 2309 ptore
310 2258 506 2311 agendum
534 2258 699 2310 supersit
728 2262 765 2295 et
793 2268 915 2308 quam
936 2256 1059 2295 levem
1082 2261 1119 2294 et
1143 2255 1354 2296 tumultua-
