1572 2801
761 226 846 268 152

218 368 313 400 sent.
342 360 407 400 διὰ
428 360 548 410 τοῦτο)
572 358 755 399 διατοῦτο.
785 358 929 399 ἐπειδάν
953 360 1138 402 αἴσθησθε
1161 361 1405 401 α’νατέλλοντα

219 426 275 465 τὸν
303 426 410 469 ἥλιον.
454 426 664 463 Pessimum
701 430 757 462 est
787 431 824 462 et
858 424 1137 464 abiectissimae
1174 424 1404 465 Graecitatis

216 492 328 545 quod
355 506 402 531 ex
426 492 624 530 nonnullis
642 491 751 529 libris
773 498 1008 543 receperunt
1033 491 1224 530 Iacobitz.
1249 499 1287 530 et
1309 494 1403 532 Din-

216 559 388 596 dorfius:
428 558 692 612 σίνελευσόμενον
718 570 793 609 pro
820 557 1075 597 α’νατέλλοντα.
1129 558 1243 596 Latet
1272 564 1404 598 tamen

214 625 256 663 in
283 625 351 662 illo
376 637 466 663 vera
496 625 613 663 lectio
640 624 782 664 α’νιόντα
793 656 809 675 ,
837 637 930 663 nam
955 625 1079 663 solent
1107 624 1289 664 Graeculi
1316 626 1405 664 ubi-

217 703 391 741 cumque
417 691 580 729 verbum
603 692 669 743 εἶμι
695 696 763 728 aut
787 692 1007 743 composita
1029 691 1140 742 apud
1164 690 1316 730 Atticos
1342 693 1404 731 vel

215 757 415 796 Atticistas
435 765 653 796 occurrunt
675 757 856 811 ἐλεύσομαι
880 757 1123 804 adscribere,
1154 770 1259 809 quae
1280 759 1405 797 forma

218 824 364 868 futuri,
396 825 670 875 antiquissimis
692 825 834 862 Ionum
862 824 987 875 poetis
1010 829 1218 875 usurpata,
1251 824 1346 862 abiit
1366 826 1407 863 in

220 889 517 927 desuetudinem
543 902 701 941 proque
729 902 775 928 ea
803 891 870 943 εἶμι
898 889 1019 927 Attici
1045 889 1247 934 dixerunt,
1278 890 1407 928 donec

217 956 455 993 recentiores
470 955 522 992 ad
547 954 757 1008 ἐλεύσομαι,
772 955 884 1006 quod
908 967 955 991 ex
979 954 1159 1005 analogia
1187 960 1339 992 tantum
1363 956 1409 992 iis

217 1026 357 1059 notum
383 1027 486 1067 erat,
516 1021 644 1059 redire
666 1026 898 1074 coeperunt.
936 1020 984 1058 In
1006 1019 1259 1071 sequentibus
1281 1019 1405 1059 habe-

217 1100 323 1126 mus:
354 1089 500 1141 κιοὶμους
509 1119 525 1139 ,
553 1089 711 1127 πειὲανά
723 1120 739 1139 ,
767 1087 945 1139 μελήσας,
973 1084 1185 1137 α’νέλλεξας,
1213 1101 1404 1142 παρανενο-

218 1154 351 1206 μικέναι
362 1185 378 1205 ,
405 1152 624 1205 ἐβιώτευσα,
652 1153 847 1205 οἰπέλαυχα
867 1152 957 1204 (pro
981 1151 1227 1202 α’πολέλαυκα)
1238 1184 1255 1204 ,
1273 1156 1405 1209 μεχρός

222 1219 314 1271 (pro
347 1218 530 1273 μελιχρός)
545 1251 561 1271 ,
589 1218 712 1258 οῖὸότα
743 1217 898 1271 (εἰδότα)
912 1250 928 1270 ,
957 1217 1145 1272 οἶφείκετο,
1184 1218 1408 1273 α’λεκτριόνι,

218 1284 277 1323 ἐπὶ
296 1285 403 1336 (ἐπεὶ)
413 1317 430 1336 ,
459 1285 655 1340 α’βροσίην,
677 1284 755 1339 περὶ
778 1284 912 1339 πλησίῳ
938 1284 1054 1340 (παρὰ
1077 1283 1277 1339 πλουσίῳ),
1295 1285 1403 1326 πλευ-

218 1353 341 1406 ρίτην,
380 1352 507 1405 α’γῶνα
547 1351 691 1403 (αἰῶνα)
696 1384 712 1403 ,
752 1355 893 1405 ςοχεῖον
903 1384 919 1404 ,
955 1352 1175 1406 οἶπορύψας,
1216 1351 1406 1394 ὑποδεινεῖν

218 1418 492 1470 (ὑποδειπνεῖν),
529 1431 603 1470 pro
639 1418 884 1474 φλυαρούντων
918 1417 1158 1474 φλιαρούντων
1185 1424 1223 1455 et
1249 1420 1408 1458 millena

215 1487 309 1525 talia
336 1488 377 1525 in
410 1499 656 1538 unoquoque
684 1486 810 1532 libro,
841 1498 945 1538 quae
979 1485 1100 1523 docto
1131 1485 1267 1523 lectori
1298 1486 1407 1524 fasti-

218 1553 327 1591 dium
355 1559 491 1590 creant
518 1559 556 1590 et
581 1565 791 1597 nauseam,
823 1552 1026 1590 indoctum
1061 1551 1225 1589 dubium
1256 1552 1407 1591 faciunt

218 1624 257 1657 et
285 1618 503 1670 decipiunt.
548 1619 654 1658 Neve
687 1619 823 1657 credat
851 1619 993 1670 aliquis
1016 1618 1087 1656 ista
1114 1623 1287 1655 monstra
1320 1631 1409 1657 ver-

216 1686 360 1723 borum
387 1691 598 1737 propterea
623 1686 831 1738 diligenter
856 1684 1077 1738 colligenda
1103 1690 1141 1723 et
1163 1684 1334 1723 fovenda
1356 1697 1410 1723 es-

219 1764 282 1798 se,
311 1751 406 1803 quia
430 1763 548 1803 saepe
574 1764 621 1789 ex
645 1751 705 1789 his
726 1751 818 1803 ipsis
843 1751 1110 1803 corruptelam
1134 1750 1288 1789 subesse
1314 1763 1411 1790 con·

220 1818 376 1855 ficimus
399 1823 437 1854 et
463 1818 525 1855 via
550 1817 601 1854 ad
622 1818 833 1869 genuinam
857 1818 1093 1867 scripturam
1119 1817 1307 1868 aperitur.
1348 1818 1412 1855 Ad

224 1883 335 1921 locos
381 1882 617 1934 depravatos
662 1881 1016 1934 deprehendendos
1063 1895 1110 1920 ac
1154 1883 1412 1922 restituendos

226 1962 308 1987 non
344 1950 411 1987 tali
447 1948 593 1986 auxilio
629 1958 788 1999 egemus
823 1946 891 1984 sed
926 1958 1083 1984 necesse
1116 1952 1172 1984 est
1204 1950 1413 1999 antiquis-

226 2018 356 2054 simas
383 2020 662 2067 corruptorum
684 2012 893 2053 verborum
914 2012 1100 2064 reliquias
1121 2012 1284 2059 habere,
1314 2028 1415 2067 quas

229 2081 374 2119 deinde
398 2081 449 2119 ad
475 2094 562 2119 eam
587 2081 799 2126 rationem,
829 2092 950 2131 quam
977 2091 1072 2117 sana
1097 2092 1205 2118 mens
1227 2087 1415 2120 monstrat

230 2152 270 2185 et
296 2146 483 2184 sermonis
510 2145 650 2184 Graeci
675 2151 862 2183 accurata
890 2150 928 2183 et
956 2150 1065 2183 certa
1091 2146 1288 2198 cognitio,
1319 2160 1416 2187 con-

230 2214 448 2252 formamus
478 2224 524 2249 ex
548 2212 593 2248 iis
618 2211 779 2263 regulis,
817 2223 917 2263 quas
943 2210 1119 2263 diligenti
1146 2210 1418 2253 observatione

233 2290 432 2324 errorum,
463 2278 504 2315 in
537 2289 639 2329 quos
665 2276 813 2314 librarii
839 2282 1033 2329 perpetuo
1062 2277 1261 2325 incidunt,
1293 2286 1421 2319 certas

235 2359 283 2384 ac
322 2345 479 2385 stabiles
519 2342 802 2383 constituimus.
857 2341 1044 2382 Novimus
1071 2356 1091 2380 υ
1120 2349 1157 2382 et
1185 2360 1196 2382 ι
1226 2351 1422 2396 perpetuo
