1572 2801
751 194 808 237 54

175 334 339 390 busque
385 327 565 371 consiliis
611 326 695 370 refe
716 331 823 381 rtae,
885 342 993 383 quae
1038 328 1138 371 mihi
1178 329 1367 371 amissam

183 405 359 463 patriam
394 401 631 457 civiumque
652 401 848 442 virtutem
871 405 912 442 et
935 414 1075 443 sanam
1096 402 1368 445 eruditionem

192 474 435 519 reddebant.
473 473 508 515 O
538 474 694 517 utinam
730 472 821 515 Tibi
849 487 926 530 pro
953 473 1108 516 talibus
1132 476 1287 517 meritis
1303 477 1367 517 ita

193 562 357 605 semper
382 546 488 587 laeta
516 546 653 587 omnia
677 559 724 586 ac
744 558 947 602 prospera
968 545 1177 599 eveniant,
1210 552 1259 587 ut
1279 546 1372 588 Tibi

195 627 337 681 gratus
372 619 533 662 animus
568 632 682 662 meus
711 624 971 676 apprecatur.

256 695 435 746 Tecum,
468 693 530 733 vir
564 692 725 747 egregie
753 707 829 732 vm
854 692 998 745 Assar«,
1030 692 1103 747 qui
1130 692 1371 734 severiorem

195 766 454 824 disciplinam
503 778 601 806 cum
649 763 864 807 literarum
915 764 1160 807 amoenitate
1201 763 1372 807 feliciter

196 840 474 895 coniungens,
523 836 701 879 amicitia
746 838 859 893 Tua,
903 853 985 894 qua
1018 838 1199 894 glorior,
1247 838 1370 879 vitam

199 912 301 955 mihi
338 916 380 954 et
403 909 538 954 studia
565 911 806 954 suavissimo
833 912 1057 970 elegantiae
1083 925 1206 955 sensu
1238 910 1373 953 imbu-

200 987 266 1028 isti
308 990 350 1027 et
384 988 548 1025 mature
590 984 770 1026 consiliis
809 986 1082 1043 exemploque
1124 985 1217 1026 Tuo
1262 990 1374 1027 vete-

200 1073 296 1101 rum
327 1056 568 1113 sapientiam
591 1061 634 1099 et
663 1056 962 1101 humanitatem
989 1059 1031 1100 in
1057 1058 1164 1100 vitae
1191 1056 1372 1099 fructum

200 1131 448 1186 cultumque
492 1133 649 1171 vertere
700 1130 889 1172 docuisti.
947 1131 1051 1186 Erga
1090 1130 1146 1172 Te
1197 1135 1238 1172 et
1281 1144 1377 1186 erga

200 1204 284 1246 Vos
330 1215 493 1255 omneS,
536 1201 718 1257 collegae
750 1203 1097 1256 coniunctissimi,
1139 1202 1246 1244 idem
1277 1202 1376 1243 mihi

200 1288 338 1327 nunc,
372 1273 445 1328 qui
482 1272 581 1313 olim
611 1272 711 1326 fuit,
742 1277 805 1314 est
833 1273 1015 1327 animus,
1049 1278 1096 1315 ut
1123 1275 1265 1316 merita
1296 1274 1379 1317 Ve-

202 1351 314 1400 stra,
364 1345 638 1389 eruditionem
683 1350 725 1387 et
754 1345 983 1388 doctrinam
1021 1347 1192 1404 plurimi
1233 1347 1378 1390 faciam

201 1421 386 1476 mihique
424 1421 467 1461 in
509 1419 748 1476 exemplum
788 1434 1033 1478 proponam.
1081 1420 1265 1476 Recipite
1292 1434 1380 1473 me,

205 1507 381 1549 quaeso,
427 1493 471 1535 in
506 1492 694 1534 Vestram
733 1493 976 1546 amicitiam,
1009 1498 1082 1534 aut
1114 1493 1210 1534 olim
1242 1493 1382 1534 conci-

207 1566 371 1618 liatam,
404 1565 437 1605 si
469 1562 681 1616 merebor,
729 1568 884 1605 servate
911 1568 953 1605 et
982 1564 1234 1607 confirmate.
1283 1564 1383 1607 Mihi

210 1636 432 1680 candorem
476 1649 615 1678 meum
645 1638 685 1676 et
724 1634 965 1677 modestiam
993 1650 1076 1678 non
1105 1637 1240 1679 verbis
1271 1652 1384 1679 nunc

209 1709 422 1768 polliceri,
466 1706 536 1750 sed
579 1705 697 1749 factis
738 1712 879 1764 postea
920 1712 1127 1765 praestare
1164 1711 1207 1752 in
1248 1710 1385 1752 animo

212 1790 288 1826 est.

277 1854 359 1896 Vos
394 1852 573 1908 denique
604 1851 738 1894 laetus
774 1852 1002 1910 compello,
1051 1854 1295 1897 ornatissimi
1325 1856 1391 1899 iu·

219 1942 339 1971 venes
355 1960 367 1982 ,
414 1940 506 1984 spes
555 1924 796 1968 Academiae
837 1932 878 1968 et
931 1927 1112 1983 patriae,
1159 1911 1391 1971 studiorum

221 2000 523 2044 commilitones
565 1997 865 2040 iucundissimi.
916 1997 1072 2055 Aperui
1112 1999 1229 2041 vobis
1269 2015 1396 2057 quam

219 2077 325 2117 viam
378 2074 420 2115 in
474 2071 659 2114 colendis
707 2071 836 2114 literis
892 2073 1020 2114 simus
1062 2074 1311 2130 ingressuri,
1354 2075 1396 2116 id

218 2148 342 2190 unice
385 2143 571 2186 docendo
608 2148 874 2200 quaerentes,
903 2149 951 2186 ut
981 2159 1035 2187 ne
1055 2159 1218 2202 semper
1246 2146 1398 2190 docen-

222 2222 264 2262 di
298 2219 453 2262 essetis.
499 2215 555 2257 Eo
601 2216 681 2256 iam
727 2216 823 2257 estis
869 2216 1000 2272 gradu
1048 2218 1189 2258 aetatis
1229 2224 1270 2260 et
1311 2225 1401 2261 stu·

223 2292 388 2334 diorum
428 2293 476 2331 ut
519 2300 602 2329 non
644 2287 825 2344 amplius
869 2289 1001 2330 securi
1046 2288 1219 2334 aliorum
1264 2296 1403 2335 aucto·
