1572 2801
724 195 779 240 41

171 334 331 392 φαινόλην
358 331 470 385 quod
496 332 690 384 significat
717 331 865 369 scilieet
894 331 951 368 τὸν
980 330 1093 369 καινὸν
1121 329 1182 371 καί
1207 329 1346 369 οὐδέπω

175 403 210 442 ἐν
235 402 341 456 χρείᾳ
363 403 539 455 γενόμενον
550 434 565 452 ,
594 399 736 438 deinde
755 400 821 443 τὰς
850 397 1011 448 βλαύτας
1036 400 1100 443 τὰς
1122 400 1345 455 ἀφορήτους,

173 469 238 506 ubi
264 469 398 506 scribit
422 481 511 519 pag.
537 468 627 505 335.
655 466 778 516 λαβὼν
801 469 955 519 ἄχρηςά
974 466 1099 518 ἱμάτια
1127 465 1269 518 εὐήτρια
1289 464 1348 503 καὶ

171 538 332 591 ἀφόρητα
359 535 578 589 ὑποδήματα
597 534 770 589 ἐξέφρησα
796 532 960 586 ἐμαυτόν.
992 534 1090 571 Tum
1116 532 1349 585 ἀπολούμενος

168 615 241 653 pro
267 615 333 646 eo,
364 604 439 652 qui
464 602 580 637 lavat
594 605 668 637 aut
688 601 910 637 lavaturus
934 605 1012 643 est,
1042 599 1216 636 occurrit
1239 599 1349 649 apud

169 673 401 718 utrumque:
432 666 665 719 ἀπολούμενος
690 665 872 719 ἐπείγομαι
892 672 946 703 est
962 666 1070 717 apud
1082 664 1345 709 Athenaeum,

169 739 207 769 et
230 744 340 769 mox:
378 735 544 787 πρότερον
572 733 918 787 συντριβησόμεθον,
938 730 1039 771 ἔπειθ’
1058 731 1168 775 οὕτως
1196 729 1348 769 ἀπολού-

168 796 289 850 μεθονε
333 796 426 834 hinc
454 798 564 848 apud
600 798 818 835 Lucianum
847 812 890 848 p.
918 797 1009 833 323.
1039 797 1157 850 χαίρω
1185 795 1229 833 δὲ
1255 798 1349 847 μετά

169 866 331 914 κάματον
357 863 608 914 ἀπολούμενος,
647 869 685 900 et
712 878 753 913 p.
787 860 880 900 328.
922 862 997 901 εἶτα
1026 860 1265 916 συντριβέντες
1296 885 1350 891 —

167 927 333 981 ἐξῄειμεν.
365 927 484 974 Quod
510 928 653 979 legitur
678 927 787 978 apud
809 920 1054 964 Athenaeum
1080 927 1186 972 ὀπτὸς
1205 931 1277 983 γάρ
1295 928 1356 973 ἐςί

167 1012 223 1050 μοι
248 1000 396 1050 τάριχος
422 996 558 1033 melius
594 1001 788 1034 servatum
815 1000 869 1032 est
908 994 1016 1046 apud
1050 994 1268 1032 Lucianum
1306 1009 1346 1046 p.

168 1062 259 1099 335.
287 1063 482 1114 πυθόμενος
509 1065 562 1100 ὅτι
587 1062 604 1099 ὁ
630 1061 808 1116 ς-ρατηγός
829 1063 933 1105 ὀπτός
961 1060 1015 1104 εἷς-ι
1047 1061 1209 1111 (scilicet
1236 1074 1350 1098 voca-

167 1127 305 1164 bulum
333 1126 383 1163 ab
410 1122 526 1165 ὦπται
554 1126 771 1163 derivatum
800 1125 888 1176 est).
918 1127 977 1164 Τὰ
998 1126 1168 1178 καύματα
1197 1126 1247 1164 de
1258 1126 1349 1177 fri-

163 1192 335 1242 goribus
355 1193 461 1242 apud
479 1199 690 1242 utrumque
712 1198 765 1228 est
792 1199 829 1228 et
855 1191 977 1236 ἄδικος
999 1194 1137 1247 ημέρα,
1161 1192 1202 1229 id
1224 1199 1278 1230 est
1300 1206 1346 1230 ea

166 1254 249 1293 διμ
226 1261 264 1299 ης
277 1256 324 1293 τά
337 1254 530 1310 δικαςήρια
542 1272 581 1295 ου
595 1259 804 1309 συναγεται,
819 1262 856 1294 et
870 1257 1074 1311 ἀκάθαρτος
1088 1262 1191 1310 γυνή,
1205 1271 1347 1310 nempe

164 1321 202 1366 ἦς
233 1319 457 1373 ἐπεσχημένα
489 1336 528 1363 ην
563 1322 611 1359 τὰ
637 1323 831 1397 γυναικεῖα.
875 1322 1102 1359 Portentosa
1147 1324 1222 1360 alia
1257 1330 1345 1361 sunt

164 1387 272 1438 apud
304 1388 557 1427 alterutrum,
600 1387 719 1424 veluti
748 1386 785 1424 τὸ
809 1386 948 1425 δεῖπνον
980 1385 1021 1428 ἦν
1048 1387 1119 1426 ἀπὸ
1158 1394 1344 1443 συμφορῶν

163 1466 237 1504 pro
273 1453 476 1504 συμβολῶν·
500 1452 661 1488 Lucian.
691 1466 731 1503 p.
770 1451 863 1489 329.
898 1451 1047 1503 λάχανα
1078 1451 1233 1509 ὑπερφυῆ
1269 1461 1343 1506 p'ro

164 1518 252 1574 ὑπὲρ
280 1525 342 1564 τῆς
372 1524 435 1572 γῆς
468 1519 648 1573 πεφυκότα
677 1517 859 1567 opposita
887 1520 957 1562 τοῖς
988 1517 1180 1570 ὑπογείοις,
1221 1520 1345 1572 ἄλογος

160 1588 272 1639 ἡμέρα
286 1618 302 1637 ‚
331 1587 370 1624 in
403 1598 485 1635 qua
511 1588 651 1621 tacent
678 1595 883 1621 causarum
911 1586 1090 1635 patroni,
1132 1593 1169 1624 et
1196 1586 1344 1640 ἀλογίαν

156 1651 351 1692 ἐπιτάττειν
377 1663 450 1701 pro
478 1651 691 1687 silentium
714 1652 924 1700 imponere
954 1665 995 1701 p.
1030 1651 1103 1688 341
1135 1658 1173 1688 et
1210 1667 1339 1691 κατου-

158 1719 299 1773 ρεΐσθαι
328 1730 401 1768 pro
425 1716 601 1754 secundo
625 1720 744 1752 vento
768 1717 852 1760 uti,
884 1729 1008 1766 quum
1042 1717 1089 1754 sit
1117 1718 1216 1755 lotio
1244 1732 1339 1756 con-

159 1785 313 1834 spergi.
343 1782 511 1832 Notatur
538 1793 559 1817 a
588 1780 780 1816 veteribus
808 1782 954 1818 criticis
980 1783 1049 1819 ista
1077 1784 1272 1829 κακοζηλία
1300 1786 1340 1822 in

157 1848 311 1892 multis,
346 1848 571 1898 praesertim
600 1846 748 1898 postis,
779 1846 849 1898 qui
876 1847 1123 1901 κατάγλωττα
1155 1853 1338 1902 potimata

154 1913 376 1957 faciebant,
420 1919 463 1950 ut
492 1913 533 1949 in
568 1912 844 1962 Euphorione,
889 1915 958 1964 qui
999 1915 1176 1953 Iasonem
1209 1917 1340 1967 inepte

154 1977 305 2032 ναυαγὸν
323 1978 436 2022 dixit,
462 1977 688 2029 significans
715 1977 773 2015 τὸν
796 1980 932 2030 ἄγοντα
956 1981 1017 2021 τὴν
1042 1984 1125 2019 ναῦν
1152 1986 1189 2017 et
1202 1981 1338 2017 draco-

154 2056 264 2088 nem,
298 2042 366 2093 qui
391 2042 647 2092 Hesperidum
669 2042 827 2079 hortum
844 2045 1113 2091 custodiebat,
1143 2048 1333 2100 κηπουρόν,

155 2113 250 2146 teste
270 2107 450 2145 Helladio
477 2107 587 2159 apud
609 2106 790 2144 Photium
815 2122 855 2159 p.
885 2109 965 2146 532
989 2110 1114 2147 Bekk.
1154 2111 1231 2148 Sed
1253 2112 1334 2161 pal-

153 2169 258 2214 mam
292 2176 512 2213 stoliditatis
548 2176 589 2213 in
624 2175 701 2214 hoc
734 2188 875 2227 genere
912 2177 1075 2215 caeteris
1116 2178 1333 2229 praeripuit

152 2239 371 2290 Dionysius,
391 2241 674 2292 Syracusarum
694 2248 898 2293 tyrannus,
929 2256 1049 2294 quem
1075 2249 1225 2280 constat
1242 2244 1332 2293 plu-

153 2306 247 2343 rima
277 2305 497 2346 huiusmodi
520 2308 561 2347 in
584 2308 809 2361 Tragoediis
833 2309 1023 2361 posuisse:
1053 2309 1092 2346 in
1120 2309 1178 2346 his
1206 2310 1331 2362 μέναν-
