1572 2801
449 629 1056 682 ANNOTATIONES.

223 874 318 926 Pag.
345 873 386 911 6.
415 849 683 912 Incredibile
717 874 832 912 dictu
859 878 923 911 est
951 887 1076 925 quam
1104 873 1282 924 putidas
1310 879 1350 911 et

170 941 349 977 insanas
370 940 650 978 derivationes
670 938 959 991 protulerint).
989 937 1147 976 Morbus
1169 938 1252 984 ille,
1279 940 1350 989 qui

168 1005 239 1042 diu
288 1005 536 1056 multumque
576 1005 692 1042 eliam
730 1005 770 1042 in
809 1004 936 1057 patria
978 1009 1108 1040 nostra
1156 1009 1351 1054 grassatus

165 1076 248 1115 est,
280 1083 524 1121 quamquam
556 1070 723 1107 multum
754 1070 804 1107 de
844 1070 1004 1120 pristina
1032 1069 1215 1107 violentia
1242 1072 1353 1108 remi-

169 1136 238 1180 sit,
271 1141 400 1172 tamen
425 1135 602 1172 nondum
630 1135 742 1172 desiit
776 1135 935 1172 saevire.
978 1134 1101 1170 Nemo
1128 1147 1235 1171 nunc
1263 1135 1354 1185 qui-

172 1199 261 1237 dem
288 1201 369 1237 sine
392 1200 471 1236 risu
493 1200 595 1251 legat
619 1211 724 1250 quae
748 1212 794 1236 ex
820 1198 1088 1250 antiquiorum
1111 1205 1352 1236 commenta—

173 1264 237 1300 riis
262 1265 453 1316 excerpsit
481 1264 705 1313 Eustathius
729 1279 769 1315 p.
791 1263 915 1309 1384,
934 1263 999 1301 58.
1029 1265 1289 1317 παρωνόμαςαι
1308 1263 1350 1303 δὲ

174 1330 246 1369 ἀπὸ
264 1337 326 1378 τῆς
347 1334 478 1377 πόσεως
501 1333 518 1371 ὁ
545 1334 666 1383 πόσις,
687 1332 734 1377 ὡς
755 1332 860 1371 δοκεῖ
875 1330 1063 1381 παλαιοῖς,
1080 1329 1146 1368 διὰ
1166 1332 1227 1371 τὴν
1237 1344 1349 1385 σπερ-

174 1402 323 1450 ματικὴν
342 1399 544 1453 ὑγρότητα,
573 1400 619 1443 ὡς
647 1398 708 1437 καὶ
733 1399 752 1436 ὁ
778 1401 886 1453 ἅρσην
914 1397 986 1436 ἀπὸ
1014 1400 1075 1436 τοῦ
1092 1395 1214 1451 ἄρδειν
1241 1397 1300 1435 καὶ
1330 1398 1348 1436 ὁ

171 1464 242 1508 υἱὸς
260 1465 331 1504 ἀπὸ
359 1468 420 1504 τοῦ
447 1466 528 1503 ὕειν.
558 1463 612 1502 διὸ
640 1462 699 1502 καὶ
728 1462 764 1502 τὸ
790 1463 903 1503 ὂπύειν
931 1463 1094 1502 ἐντεῦθεν
1121 1463 1240 1507 αὐτοῖς
1265 1462 1348 1501 ἐδό-

169 1545 221 1569 κει
248 1532 485 1585 παράγεσθαι
503 1530 599 1570 οἱονεὶ
626 1531 666 1570 τὸ
686 1529 748 1569 διὰ
776 1535 839 1575 τῆς
866 1530 953 1575 ὀπῆς
982 1532 1048 1568 ὕειν
1059 1561 1075 1581 ,
1103 1530 1188 1567 ὅθεν
1214 1530 1231 1567 ὁ
1260 1530 1345 1575 υἱός.

168 1595 332 1647 Sepulta
359 1596 511 1634 dudum
535 1597 608 1634 ista
640 1596 777 1634 credas
799 1602 837 1633 et
864 1608 998 1634 omnes
1028 1597 1106 1633 iam
1133 1595 1350 1645 resipuisse.

167 1660 333 1698 Multum
383 1662 502 1700 abest.
560 1664 648 1701 Non
688 1676 819 1701 moror
861 1664 1023 1715 quidem
1069 1662 1352 1700 homunciones

167 1725 478 1777 complusculos,
524 1727 593 1778 qui
622 1727 663 1765 in
699 1727 777 1764 istis
804 1726 876 1764 sibi
911 1727 1071 1777 placent
1109 1740 1156 1764 ac
1192 1734 1351 1779 sperant

169 1790 262 1828 hinc
294 1791 509 1841 aliquando
547 1805 586 1829 se
620 1792 860 1843 primaevam
900 1792 1061 1830 humani
1095 1794 1244 1845 generis
1277 1794 1351 1831 lin-

172 1870 291 1909 guam
322 1863 360 1894 et
392 1856 607 1902 vocabula,
642 1858 788 1909 quibus
820 1859 936 1909 primi
963 1858 1137 1896 homines
1167 1859 1223 1896 usi
1253 1860 1351 1904 sint,

171 1927 415 1973 reperturos,
449 1935 542 1960 nam
570 1923 684 1961 video
711 1935 777 1960 eos
802 1935 880 1960 non
904 1923 1026 1975 magis
1048 1935 1192 1961 nocere
1221 1924 1357 1962 Literis

174 2000 296 2039 quarn
329 1987 535 2039 prodesse,
580 1988 647 2024 sed
684 1988 791 2025 dolet
827 1987 1094 2034 Lobeckium,
1137 1988 1352 2026 Germano-

171 2068 258 2092 rum
288 2054 359 2105 qui
396 2053 467 2091 has
493 2053 647 2091 'Literas
680 2054 815 2091 colunt
843 2053 959 2105 longe
985 2053 1272 2098 doctissimum,
1315 2055 1355 2092 in

177 2119 447 2171 Teehnologz'a
498 2120 711 2157 verborum
768 2118 1039 2164 Graecorum,
1093 2133 1214 2171 quam
1262 2126 1352 2158 ante

173 2183 244 2222 hos
273 2198 424 2236 paucos
449 2198 599 2224 menses
633 2185 776 2232 edidit,
815 2183 984 2223 scribere
1010 2186 1181 2237 potuisse
1211 2199 1252 2236 p.
1282 2184 1348 2222 41.

176 2251 306 2305 »Οἴφω
341 2257 380 2289 et
414 2252 523 2291 ὀπυίω
561 2251 747 2297 fortasse
779 2264 1016 2303 paronyma
1057 2256 1155 2287 sunt
1197 2250 1247 2287 ab
1286 2250 1356 2294 ὀπή

174 2315 250 2355 hoe
273 2322 335 2355 est
372 2319 422 2356 ab
458 2332 508 2358 ea
536 2320 723 2371 eorporis
754 2321 879 2371 parte
905 2315 1012 2354 unde
1040 2317 1170 2353 scorti
1209 2330 1357 2355 nomen
