1572 2801
742 204 800 248 65

370 341 464 392 ἔχων
492 338 651 395 φιάλιον,
686 342 738 393 τῷ
769 335 813 377 δὲ
843 337 964 377 πολλὰ
999 339 1151 393 γίγνεται

370 409 485 459 ὅμοια.

168 474 273 526 lege:

337 542 429 592 ἔχων
463 541 597 597 φιάλιον
625 539 733 595 τῷδε.
783 540 828 579 Β.
858 539 978 579 πολλὰ
1005 540 1160 594 γίγνεται

333 610 450 658 ὅμοια.

215 673 262 711 In
289 670 560 725 Aristophanis
587 672 724 723 Vespis
750 684 806 710 vs.
835 670 889 710 20
911 684 1000 723 sqq.

298 737 400 777 οὐδὲν
425 741 498 794 ἄρα
525 738 647 792 γρίφου
674 736 828 792 διαφέρει
855 736 1081 791 Κλεώνυμος.

300 807 375 847 πῶς
399 803 473 854 δὴ,
501 804 665 857 προσερεῖ
687 817 738 846 τις
766 804 855 840 τοῖσι
883 803 1077 854 συμπόταις
1104 800 1241 854 λέγων,

296 871 348 908 ὅτι
374 868 502 908 ταυτὸν
529 867 564 908 ἐν
592 874 639 922 γῇ
667 867 700 908 τ’
727 867 909 920 ἀπέβαλεν
935 869 1003 906 κάν
1031 868 1167 923 οὐρανῷ

296 937 363 975 κάν
389 942 431 988 τῇ
460 936 620 989 θαλάττῃ
649 935 761 990 θηρίον
792 936 855 976 τὴν
882 933 1048 980 ἀσπίδα;

210 1003 394 1040 sermonis
419 1002 554 1041 vitium
583 1006 659 1048 πῶς
698 1000 749 1044 δὴ
757 1033 773 1053 ,
801 1003 853 1039 ὅτι
881 1022 935 1028 -
961 998 1163 1038 advertere
1192 998 1348 1037 criticos

158 1067 373 1113 debuerat3
403 1069 502 1119 quid
529 1069 681 1105 multa?
709 1068 804 1105 mihi
832 1066 1112 1117 Aristophanes
1131 1078 1212 1103 non
1234 1066 1347 1103 aliter

159 1143 282 1183 quam
309 1131 364 1170 sic
389 1131 559 1170 scribere
589 1131 762 1183 potuisse
786 1130 959 1168 videtur:
1159 1124 1164 1128 ”

321 1196 422 1236 οὐδὲν
446 1200 521 1252 ἄρα
548 1198 670 1252 γρίφου
700 1195 855 1252 διαφέρει
882 1195 1108 1247 Κλεώνυμος.

263 1264 308 1301 Β.
338 1267 414 1307 πῶς
440 1260 488 1305 δή
498 1279 514 1314 ,-
541 1263 590 1301 A.
621 1264 779 1317 προτενεῖ
801 1275 849 1307 τις
877 1263 966 1300 τοῖσι
993 1263 1191 1314 συμπόταις
1215 1261 1338 1314 λέγων·

318 1329 357 1367 τί
380 1330 508 1368 ταυτὸν
536 1328 570 1368 ἐν
597 1334 643 1382 γῇ
671 1328 704 1368 τ’
732 1327 911 1380 ἀπέβαλεν
939 1327 1016 1367 κτὲ.

155 1391 301 1445 quibus
321 1394 531 1444 interprete
553 1406 633 1430 non
659 1406 760 1444 opus
786 1399 853 1430 est.
883 1394 1068 1447 προτείνειν
1089 1394 1130 1431 in
1152 1405 1197 1430 ea
1220 1405 1262 1430 re
1290 1398 1348 1430 est

154 1461 381 1512 proprium,
412 1462 450 1496 et
476 1458 639 1510 griphus
669 1471 775 1496 nunc
801 1457 921 1495 habet
956 1459 1121 1496 formam
1149 1457 1345 1495 veteribus

154 1525 347 1562 usitatam.
375 1524 557 1575 vEgregie
583 1524 663 1561 huc
695 1524 791 1561 facit
817 1523 1040 1561 Athenaeus
1068 1524 1117 1561 X.
1144 1523 1242 1569 453,
1274 1523 1344 1561 ubi

151 1590 300 1642 profert
315 1578 476 1641 griphos
491 1590 695 1641 antiquos:
722 1589 761 1628 τί
776 1592 909 1633 πάντες
928 1589 990 1629 οὐκ
1011 1587 1216 1643 ἐπιςοὲμενοι
1229 1587 1341 1629 διδοί-

105 1645 107 1647 .
154 1671 308 1709 σκομεν,·
336 1656 417 1693 καί·
451 1656 490 1693 τί
511 1657 638 1694 ταυτὸν
664 1654 823 1708 οὐδαμοῦ
846 1655 908 1694 καὶ
928 1659 1145 1708 πανταχοῦ,-
1172 1655 1340 1709 καὶπρὸς

152 1725 303 1768 τούτοις·
335 1723 374 1762 τί
395 1721 521 1762 ταυτὸν
551 1720 585 1761 ἐν
609 1721 745 1777 οὐρανῷ
762 1721 822 1761 καὶ
848 1720 904 1761 ἐπὶ
924 1728 988 1775 γῆς
1018 1721 1130 1762 καὶέν
1152 1722 1339 1777 θαλάττῃς

202 1791 289 1827 Alia
309 1796 363 1827 est
391 1789 643 1840 antiquorum
665 1789 911 1832 librariorum
936 1792 1193 1842 negligentia,
1218 1803 1341 1841 quam

150 1855 180 1893 si
216 1854 341 1907 probe
368 1854 686 1892 animadverteris
724 1855 857 1892 multis
897 1855 994 1893 locis
1034 1856 1163 1894 lucem
1202 1856 1340 1893 afferre

148 1920 284 1972 possis.
313 1920 545 1970 Exemplum
573 1920 726 1957 facilius
752 1921 929 1959 ostendet
953 1923 1065 1973 quod
1092 1924 1203 1961 volo:
1231 1922 1341 1973 apud

148 1985 393 2024 Athenaeum
418 1985 503 2024 XV.
536 1999 575 2036 p.
603 1983 685 2023 698
706 1986 848 2038 legitur
870 1987 910 2025 iu
938 1988 1057 2026 unico
1081 1989 1220 2027 codice
1243 1988 1340 2026 Mar-

153 2053 289 2089 ciano:
333 2050 368 2088 έν
404 2049 447 2089 δὲ
489 2056 540 2104 τῷ
575 2050 731 2104 δευτέρῳ
769 2051 896 2106 Νιόβῳ
934 2056 1107 2108 προειπὼν
1139 2056 1336 2108 λυχνοῦχον

153 2117 276 2169 οἴμοι
313 2116 624 2170 κακοδαίμων
651 2116 734 2173 φησὶ
766 2117 1035 2174 λυχνοῦχος
1071 2123 1180 2176 ἡμῖν
1214 2122 1335 2174 οἴχε-

152 2198 230 2222 ται
255 2184 318 2223 εἴτ’
339 2183 502 2241 ἐπιφέρει·
536 2185 596 2225 καὶ
624 2191 699 2231 πῶς
720 2185 878 2241 ὑπερβὰς
904 2188 961 2228 τὸν
987 2189 1182 2242 λυχνοῦχον
1211 2189 1333 2241 οἴχε-

153 2264 227 2289 ται
264 2251 344 2290 εἴτ’
380 2250 595 2309 ἐπιφέρει
631 2250 708 2291 καὶ
743 2250 878 2297 ἔλαθες.
912 2252 947 2292 ἐν
971 2252 1015 2293 δὲ
1042 2255 1115 2298 τοῖς
1140 2252 1221 2300 ἑξῆς
1253 2252 1330 2293 κτὲ.

149 2316 283 2355 Priora
307 2317 364 2355 sie
390 2325 481 2358 sunt
507 2318 694 2371 legenda:
724 2319 894 2375 προειπὼν
920 2320 1071 2374 λύχνον,
1105 2321 1194 2375 οἴμοι
1224 2336 1334 2361 κακο-

1091 2384 1119 2427 5
