1572 2801
727 224 783 267 55

163 363 320 405 ritatem
375 358 512 415 sequi,
564 357 636 402 sed
679 357 756 415 ipsi
803 371 939 399 rerum
986 356 1251 401 fundamenta
1294 365 1334 402 et

161 434 357 491 principia
401 431 615 488 explorare
670 429 852 472 debeatis
902 435 944 471 et
990 429 1189 473 vobismet
1233 433 1331 489 ipsis

156 505 322 548 credere
365 518 448 546 non
494 504 535 544 in
575 502 758 558 magistri
801 501 973 543 alicuius
1014 500 1137 543 verba
1182 504 1329 546 iurare.

155 578 295 621 Ardua
349 591 413 619 res
452 581 536 629 est,
583 575 736 629 fateor,
783 580 824 617 et
864 576 998 632 magni
1032 575 1197 616 laboris.
1247 577 1325 619 Sed

154 652 248 707 quis
280 664 476 706 umquam
520 648 562 690 in
605 648 823 691 Hollandia
860 654 999 691 nostra
1040 648 1174 690 laudis
1209 651 1324 707 cupi-

153 724 234 765 dus
266 723 506 764 detrectavit
552 721 769 768 laborem?
824 723 866 764 Si
920 721 1025 764 bene
1077 735 1149 763 vos
1201 723 1320 774 novi,

152 809 272 836 nemo
298 799 361 836 est
389 800 593 848 vestrum,
625 796 693 836 cui
719 795 863 837 inertia
891 801 931 836 et
958 794 1147 849 segnities
1179 793 1322 835 indus-

152 868 229 908 tria
260 873 301 908 et
330 867 472 909 labore
501 869 553 909 sit
584 869 736 924 potior.
783 867 890 909 Sunt
917 867 1087 908 fortasse
1123 881 1228 922 quos
1262 869 1320 910 rei

148 938 371 983 difficultas
404 940 646 983 absterreat:
677 938 747 983 sed
776 938 1013 982 assiduitate
1043 944 1082 981 et
1108 938 1319 996 diligentia

148 1013 269 1052 ctiam
317 1013 551 1068 gravissima
601 1028 790 1069 quaeque
834 1012 936 1055 levia
982 1012 1114 1065 fiunt,
1162 1018 1203 1053 et
1245 1013 1317 1055 ubi

148 1085 405 1141 aliquantum
438 1086 641 1127 constanti
684 1086 819 1126 animo
849 1085 1094 1141 processeris
1134 1084 1317 1126 difficul-

150 1163 273 1196 talem
304 1156 438 1211 operis
455 1156 631 1196 suavitas
657 1161 895 1212 compensat
920 1162 1183 1212 superatque.
1216 1157 1315 1198 Stu-

144 1228 310 1269 diorum
353 1242 418 1269 me
461 1227 609 1269 ducem
648 1226 851 1269 habebitis
892 1232 933 1269 et
980 1229 1196 1283 comitem,
1242 1232 1315 1286 qui

145 1300 259 1356 longi
288 1299 440 1341 itineris
481 1304 639 1355 partem
676 1300 791 1356 prior
825 1314 1016 1342 emensus
1048 1316 1160 1342 nune
1196 1304 1314 1344 sociis

142 1379 185 1416 et
218 1373 357 1415 amicis
386 1373 490 1414 viam
523 1371 865 1426 commodiorem,
899 1386 1018 1429 saepe
1047 1375 1312 1430 compendia-

140 1446 523 1500 riam,·monstrare
556 1445 719 1500 possim.
765 1445 848 1487 Nec
880 1446 1038 1487 tristem
1078 1461 1143 1488 me
1182 1450 1311 1505 magi-

140 1523 272 1559 strum
316 1516 518 1558 habebitis
559 1516 630 1558 sed
676 1518 853 1558 amicum
899 1532 1030 1574 prope
1072 1522 1309 1576 aequalem,

138 1590 294 1647 quippe
324 1590 396 1645 qui
428 1588 526 1630 mihi
557 1589 795 1630 etiamnunc
822 1589 960 1631 videar
987 1604 1095 1631 unus
1120 1592 1170 1634 de
1196 1593 1311 1636 vobis

135 1676 234 1704 esse.
296 1662 386 1703 Non
426 1675 593 1716 parcam
624 1674 795 1717 operae,
843 1667 890 1702 ut
926 1661 1040 1703 vobis
1075 1664 1311 1722 studiisque<

136 1734 279 1777 vestris
310 1733 462 1790 prosim
493 1736 534 1774 ct
567 1745 652 1787 quo
683 1732 770 1789 ipse
800 1737 912 1774 totus
939 1733 1061 1776 ardeo
1093 1735 1306 1779 literarum

138 1822 299 1860 amore,
330 1805 472 1848 eodem
500 1819 571 1847 vos
602 1819 741 1848 omnes
757 1805 971 1847 incendam
988 1839 1000 1861 ,
1029 1822 1113 1850 non
1141 1814 1305 1852 tantum

132 1880 206 1937 qui
238 1880 280 1921 in
311 1879 374 1921 his
399 1879 526 1921 literis
557 1879 662 1921 vitae
687 1878 951 1921 tabernacula
979 1894 1130 1936 ponere
1160 1882 1301 1926 decre-

133 1954 246 1996 vistis
277 1952 348 1995 sed
390 1967 462 1994 vos
497 1953 618 1994 etiam
649 1953 802 2009 quibus
829 1953 923 1995 inde
959 1954 1010 1995 ad
1051 1955 1149 1996 alias
1178 1955 1300 1998 disci-

131 2027 265 2086 plinas
297 2025 430 2067 aditus
460 2025 675 2082 panditur:
719 2040 814 2066 nam
849 2030 910 2066 est
940 2025 1038 2067 mihi
1081 2026 1161 2068 hoc
1208 2043 1299 2083 per-

129 2114 320 2153 suasum,
367 2099 572 2140 neminem
615 2097 666 2139 ad
699 2111 1005 2153 quamcumque
1037 2097 1293 2155 disciplinam

129 2173 322 2215 accedere
351 2171 615 2228 paratiorem,
649 2184 773 2226 quam
812 2170 884 2225 qui
911 2170 1121 2225 ingenium
1149 2172 1291 2214 afferat

127 2246 338 2287 literarum
371 2244 515 2287 studiis
542 2245 597 2286 ita
634 2245 830 2301 politum,
881 2250 927 2285 ut
957 2249 1116 2286 mature
1147 2259 1290 2286 verum

122 2330 321 2373 quaerere
347 2322 388 2359 et
420 2316 542 2359 certis
563 2315 723 2357 indiciis
759 2328 975 2371 agnoscere
1004 2315 1203 2357 didicerit.
