1572 2801
722 167 780 210 70

165 301 241 337 rias
269 305 537 337 correctorum
563 300 605 338 in
633 301 723 339 loco
757 301 975 353 depravato
1007 306 1045 339 et
1069 300 1208 343 mutilo
1234 300 1355 352 intera

165 365 398 416 polationes.
443 363 614 403 Afferam
642 378 766 403 unum
792 372 830 403 et
859 366 1026 404 alterum
1049 366 1184 405 tocum
1211 366 1279 405 ubi
1313 366 1358 404 iis

167 429 426 482 argumentis,
457 443 562 482 quae
590 430 843 483 grammatica
868 430 1031 472 scientia
1055 437 1093 470 et
1123 445 1254 471 sensus
1279 434 1355 472 cri-

166 498 270 535 ticus
295 498 374 535 sive
400 509 495 534 sana
524 497 625 535 ratio
658 498 869 536 attulerant
899 498 1017 538 etiam
1042 500 1256 549 pervetusti
1283 512 1353 537 co·-

165 563 266 600 dicis
301 561 515 599 auctoritas
546 562 714 600 accedit.
754 562 874 614 Apud
900 562 1189 602 Plutarchum
1178 577 1220 602 m
1241 564 1354 603 Pauli

164 629 318 666 Aemilii
352 628 431 665 vita
468 641 511 678 p.
542 626 624 665 259
663 627 847 677 legimus:
887 628 994 666 εἴκοσι
1025 627 1089 680 μὲν
1125 628 1354 685 αὐτοφόρτους

165 693 327 738 ὁλκάδας
356 692 590 747 ἐχειρώσατο.
624 692 691 737 τὰς
724 690 760 730 δ’
792 692 905 737 ἄλλας
939 707 1036 731 σιτου
1074 695 1249 747 γεμούσας
1283 711 1351 735 κα-

166 760 326 800 τέδυσεν.
365 760 541 816 ἐκράτησε
572 759 616 799 δὲ
646 758 706 798 καὶ
732 761 922 817 πεντηρικά
951 762 1106 815 τέσσαρα
1136 761 1196 801 καὶ
1226 766 1352 816 μα’χην

163 828 377 881 ἐπολέμησεν
408 828 448 866 τὸ
477 827 641 883 δεύτερον
670 827 705 866 ἐν
730 826 753 879 ᾗ
781 832 852 866 τῶν
879 827 1059 867 ὑπατικῶν
1086 828 1245 874 Ὀςίλιον
1263 831 1354 869 ἀπε·

163 895 340 951 κρούσατο
368 893 428 933 καὶ
461 893 664 945 βιαζόμενον
695 893 792 932 κατὰ
819 894 884 938 τὰς
909 893 1087 947 Ἐλιμίας.
1119 909 1241 947 quam
1276 897 1351 934 sint

162 962 264 1000 haec
302 962 472 999 absurda
514 968 551 999 et
591 961 693 999 male
734 960 882 998 Graeca
923 962 1094 1012 quisque
1130 961 1248 1000 videt.
1301 962 1352 999 At

159 1027 240 1065 vidi
282 1027 501 1065 Florentiae
550 1026 861 1077 antiquissimum
905 1027 1108 1065 Plutarchi
1155 1028 1350 1073 codicem,

161 1093 322 1130 saeculo
343 1092 500 1130 decimo
523 1091 791 1143 pulcherrime
816 1092 856 1129 in
884 1092 1118 1130 membranis
1140 1093 1351 1144 scriptum,

163 1159 205 1195 in
230 1171 313 1209 quo
335 1158 444 1195 hunc
471 1157 604 1194 locum
629 1156 871 1208 deprehendi
900 1158 1033 1195 multis
1060 1157 1211 1195 lacunis
1242 1156 1356 1194 hian-

164 1231 267 1269 tem,
307 1235 409 1275 quas
445 1222 561 1260 tertio
600 1223 679 1261 fere
718 1229 807 1274 post
837 1224 995 1261 saeculo
1034 1223 1249 1261 Graeculus
1286 1222 1356 1260 ali-

162 1290 254 1341 quis
280 1301 355 1340 pro
382 1301 450 1326 sua
479 1289 683 1340 sapientia·
703 1290 926 1341 expleverat
956 1291 996 1328 in
1031 1289 1139 1327 hunc
1166 1289 1351 1326 modum:

163 1355 412 1419 ἐχειρώσατο.
446 1353 519 1410 τὰς
552 1353 591 1401 δ’
632 1353 763 1410 ἄλλας
1002 1359 1107 1402 σίτου
1149 1352 1351 1416 γεμούσας

162 1447 356 1477 κατέδυσεν.
411 1444 568 1484 ἐκράτησε
609 1444 647 1473 δὲ
690 1445 746 1474 καὶ
788 1430 993 1494 πεντηρῑκά
1047 1432 1219 1493 τέσσαρα
1277 1435 1347 1477 καὶ

166 1526 277 1565 μάχην
289 1524 496 1563 ἐπολέμησεν
511 1513 577 1558 τὸν
596 1511 639 1558 δὲ
649 1509 823 1573 δεύτερον
842 1525 875 1554 ἐν
885 1513 905 1560 ἦ
917 1518 992 1556 τῶν
1007 1509 1205 1555 ὑπατικῶν
1223 1508 1357 1562 σ’ς-ίλι-

151 1611 194 1639 ον
209 1588 476 1653 α’πεκρούσατο
499 1607 554 1634 καὶ
576 1587 814 1651 βιαζόμενον
839 1584 943 1633 κατὰ
965 1607 1024 1639 τὰς
1045 1590 1215 1652 ἐλιμίας.
1245 1596 1353 1645 Quid

163 1666 401 1705 Plutarchus
427 1662 624 1714 scripserit
640 1662 729 1699 sciri
763 1674 872 1699 nunc
896 1674 977 1699 non
1014 1663 1182 1715 amplius
1205 1671 1354 1717 potest;

165 1730 497 1783 acquiescendum
513 1728 542 1765 si
557 1728 724 1766 sciamus
738 1740 828 1765 eum
842 1733 922 1765 tam
945 1727 1116 1766 absurda
1132 1742 1214 1767 non
1238 1732 1359 1783 scrip-

162 1798 263 1835 sisse.
294 1795 474 1833 Eundem
498 1794 694 1832 credimus
708 1794 747 1831 in
762 1799 838 1831 vita
854 1793 1104 1831 Timoleontis
1127 1809 1168 1846 p.
1193 1796 1274 1833 242
1287 1796 1357 1834 de-

167 1864 267 1901 disse
294 1861 415 1899 haec:
440 1884 493 1888 —
516 1861 609 1912 τύχη
630 1862 729 1916 ἔργον
751 1858 955 1907 ἐπεδείξατο
981 1858 1039 1899 τὸν
1066 1859 1225 1907 Σικελίας
1245 1860 1356 1917 ὀλίγῳ

166 1931 370 1985 ἔμπροσθεν
392 1928 559 1984 τύραννον
574 1948 627 1954 —
646 1925 989 1979 διαπληκτιζόμενον
1015 1925 1049 1966 ἐν
1075 1928 1171 1982 μέσῳ
1195 1930 1266 1973 τοῖς
1293 1928 1357 1985 ἀφ’

166 2002 263 2053 ὥρας
288 1994 531 2051 ἐργαζομένοις
560 1991 741 2046 γυναίοις,
778 1992 844 2037 τὰς
873 1990 915 2030 δὲ
950 1993 1186 2050 μουσουργοὺς
1216 1993 1252 2033 ἐν
1279 1997 1357 2041 ταῖς

167 2063 281 2116 ᾠδαῖς
292 2060 516 2100 διδάσκοντα
539 2060 598 2099 καὶ
612 2058 690 2115 περὶ
711 2060 905 2115 θεατρικῶν
919 2060 1097 2113 ᾀσμάτων
1110 2061 1232 2116 ἐρίζειν
1245 2076 1356 2101 σπου-

163 2130 329 2177 δάζοντα
351 2128 436 2183 πρὸς
461 2127 592 2172 ἐκείνας
623 2125 702 2182 περὶ
727 2127 857 2180 μέλους
882 2128 1066 2183 ἁρμονίας.
1097 2128 1276 2179 Apparet
1311 2140 1359 2166 ex

162 2198 301 2235 eodem
327 2194 467 2233 codice
489 2194 529 2231 in
552 2193 687 2230 ultima
714 2198 828 2243 parte
844 2192 944 2231 haec
963 2198 1116 2231 tantum
1134 2205 1213 2231 esse
1234 2193 1357 2245 ipsius

158 2267 380 2308 Plutarchi:
419 2258 490 2317 τὰς
518 2260 561 2308 δὲ
592 2257 868 2324 μουσουργοὺς
908 2261 946 2305 ἐν
1213 2308 1217 2312 ,
1293 2280 1356 2316 αις
