1572 2801
744 237 801 280 25

192 371 272 413 bus
295 371 435 413 literae
468 383 607 413 omnes
629 384 712 412 non
737 370 920 413 diremtis
943 370 1114 427 singulis
1138 370 1351 413 vocabulis

191 444 335 486 eodem
351 448 490 486 tenore
508 442 870 496 continuabantur,
888 442 1109 485 ridiculum
1123 446 1163 485 in
1180 444 1350 486 modum

193 517 344 559 similes
360 517 572 560 literarum
595 517 747 559 formas
767 516 1050 571 confundunt,
1067 516 1351 573 coniungenda

194 589 447 643 distrahunt,
487 590 730 646 disiungunt
762 589 1056 632 contrahenda:
1085 589 1216 632 sicubi
1247 589 1354 632 liber

193 661 340 703 lacuna
355 661 496 703 hiabat
512 667 585 703 aut
600 661 821 719 explebant
837 662 888 704 de
908 677 984 704 suo
1001 668 1074 704 aut
1094 662 1351 704 dissimulato

193 735 308 777 hiatu
325 734 511 777 funditus
526 736 847 792 pessumdabant
862 737 1112 778 sententiam:
1129 734 1201 776 ubi
1218 734 1351 776 litera-

191 821 286 848 rum
316 806 468 849 ductus
498 807 657 849 evanidi
692 808 910 849 oculorum
947 809 1075 850 aciem
1111 808 1350 863 praesertim

192 879 453 922 indoctorum
477 879 699 934 fallebant,
732 880 871 922 locum
899 880 951 922 ad
978 895 1100 922 suum
1134 880 1352 922 arbitrium

191 952 234 994 id
262 958 323 995 est
352 958 504 996 temere
527 951 792 1009 refingebant.
839 952 959 995 Peius
983 953 1106 996 etiam
1137 958 1245 1007 erat,
1278 952 1352 995 ubi

189 1028 365 1068 intricati
385 1025 762 1083 tachygraphorum
783 1040 933 1081 nexus,
967 1026 1114 1081 siglae,
1144 1025 1350 1082 scribendi

190 1098 430 1156 compendia
462 1103 504 1141 et
540 1097 740 1141 vocabula
775 1097 987 1140 decurtata
1022 1083 1350 1141 describentibus

188 1173 349 1228 negotia
381 1171 648 1213 facessebant.
708 1170 902 1212 Nondum
934 1176 1069 1212 tamen
1100 1171 1182 1212 his
1197 1171 1351 1214 finibus

188 1244 423 1287 continetur
433 1243 609 1297 malum,
632 1240 747 1300 quod
763 1247 1128 1285 monumentorum
1144 1246 1350 1299 veterum,

186 1318 321 1361 deleta
347 1322 388 1360 et
414 1317 633 1374 depravata
660 1315 836 1371 genuina
864 1317 1089 1373 scriptura,
1121 1315 1246 1359 fidem
1270 1318 1349 1361 ele-

186 1392 306 1433 vavit.
375 1390 536 1433 Mature
586 1387 828 1445 prodierunt
880 1392 1131 1429 correctores
1178 1389 1347 1444 Graeci,

186 1463 343 1505 acutuli
384 1462 590 1514 homines,
636 1460 709 1516 qui
750 1459 953 1516 quidquid
989 1474 1075 1501 non
1110 1461 1206 1503 satis
1238 1468 1349 1506 reete

186 1534 406 1592 procedere
438 1532 653 1574 videbatur
683 1546 759 1588 pro
794 1546 869 1573 sua
903 1533 1048 1588 peritia
1078 1533 1349 1589 expediebant

187 1609 340 1651 scilicet
379 1612 492 1649 tanta
534 1607 719 1661 levitate,
763 1611 810 1648 ut
846 1620 982 1649 erasae
1014 1607 1079 1648 vel
1110 1607 1349 1662 quomodo-

187 1696 366 1737 cumque
395 1681 550 1723 deletae
585 1682 712 1722 veteri
744 1680 910 1722 lectioni
953 1695 1049 1722 suas
1095 1680 1350 1724 coniecturas

188 1754 496 1797 substituerent.
555 1753 715 1794 Bonum
743 1752 919 1807 factum,
952 1753 1066 1809 quod
1093 1752 1197 1795 bene
1225 1754 1348 1796 multi

190 1832 412 1885 supersunt
453 1823 549 1866 libri
596 1825 774 1878 vetusti,
828 1824 1217 1882 interpolationibus
1262 1827 1349 1868 istis

190 1901 461 1957 antiquiores,
492 1896 603 1940 unde
627 1896 739 1940 fraus
765 1903 936 1955 apparet
959 1903 1000 1941 et
1026 1898 1114 1955 ipsa
1141 1899 1351 1954 scriptoris

187 1987 332 2017 manus
367 1988 416 2015 ex
455 1971 642 2028 genuinis
678 1971 871 2027 antiquae
907 1972 1134 2028 scripturae
1165 1971 1349 2027 reliquiis

190 2053 300 2091 certa
346 2045 598 2088 correctione
643 2049 778 2101 potest
829 2044 1013 2086 restitui:
1059 2044 1129 2087 sed
1173 2043 1348 2087 aliorum

189 2122 442 2173 multorum,
482 2132 663 2175 quorum
695 2131 780 2158 non
808 2117 884 2158 nisi
915 2118 1159 2161 recentiores
1187 2119 1346 2161 codices

190 2209 302 2242 nunc
332 2197 510 2247 exstant,
549 2192 729 2248 iniquior
754 2195 824 2249 ¹est
859 2190 1059 2245 conditio,
1091 2207 1186 2233 nam
1222 2193 1348 2234 inter-

191 2267 350 2323 polatos
384 2282 471 2310 esse
506 2266 602 2309 satis
642 2269 822 2320 constat,
866 2265 1076 2322 antiquam
1102 2266 1348 2322 scripturam

191 2341 233 2382 in
259 2340 465 2397 plerisque
489 2341 590 2384 locis
621 2355 703 2383 non
735 2340 811 2382 nisi
846 2338 1012 2395 ancipiti
1048 2338 1282 2382 coniectura
1308 2348 1348 2382 et
