1572 2801
751 342 836 386 151

198 477 510 530 ἐκλεπισθήσεται)
554 476 727 518 ὑποθεῖναι
763 477 980 533 ἀλεκτορίσιν
1017 476 1086 516 εἴτε
1121 473 1224 516 δυσὶν
1258 474 1281 518 ἢ
1315 473 1377 515 καὶ

198 545 331 586 πλείοσι
366 543 426 583 καὶ
456 543 592 589 ἑκάς-ης
629 545 759 599 ἡμέρης
786 543 859 582 ἀπὸ
888 548 950 588 τῆς
983 541 1148 597 δευτέρης
1179 540 1379 597 ἀρξάμενος

197 612 302 667 μέχρι
334 615 395 655 τῆς
425 608 563 656 ὓςοὶτης
592 609 616 661 ἦ
642 608 782 663 ἐκλέψει
810 609 849 648 τὸ
879 609 945 662 ᾠὸν
973 607 1143 663 ὑφαιρέων
1171 606 1230 646 καὶ
1261 622 1379 647 κατα-

198 678 311 732 γνύων
330 680 472 716 σκοπῶν
492 676 624 731 εὑρήσει
644 678 775 728 ἔχοντα
797 678 919 715 πάντα
946 676 1042 713 κατὰ
1065 676 1124 714 τὸν
1152 673 1232 726 ἐμὸν
1256 673 1375 726 λόγον.

199 744 248 783 In
271 756 319 782 eo
344 742 463 793 igitur
488 742 577 779 loco
601 741 816 791 antiquitus
839 741 1028 791 scriptum
1054 740 1148 777 fuit:
1178 740 1208 779 εἰ
1234 742 1306 795 γάρ
1331 755 1383 784 τις

164 814 170 821 ”
202 808 318 849 ἐθέλει
345 806 402 860 ᾠὰ
421 828 472 835 -
488 809 575 851 ὅκως
601 806 927 849 ἐκλαπήσεται
955 805 1138 844 ὑποθεῖναι
1166 805 1380 860 ἀλεκτορίσιν

199 875 269 914 εἴτε
304 872 404 913 δυοῖν
439 871 461 913 ἢ
498 871 558 910 καὶ
594 870 744 910 πλείοσι.
800 871 949 921 Nempe
985 870 1148 908 verbum
1188 870 1304 910 λέπειν
1342 878 1381 910 et

199 940 418 992 composita
448 936 648 976 habebant
682 938 868 975 aon-istum
897 935 1073 979 λαπῆναι;
1103 937 1239 988 itaque
1264 938 1382 976 tritis-

200 1006 341 1043 simum
376 1003 531 1042 ἐκλέπειν
574 1002 746 1041 habebat
787 1002 984 1046 ἐκλαπῆναι
1029 1009 1067 1040 et
1101 1002 1379 1045 ε’κλαπήσεσθαι.

202 1069 341 1108 Graeci
371 1067 606 1106 recentiores
639 1067 849 1105 utebantur
884 1069 1009 1106 forma
1037 1067 1186 1115 λεπίζειν
1217 1075 1254 1107 et
1283 1069 1382 1110 ἐκλε-

203 1139 314 1183 πίζαν
324 1167 340 1187 ,
363 1135 468 1174 unde
486 1132 595 1184 apud
614 1133 852 1183 Hesychium
872 1147 946 1186 pro
963 1134 1117 1176 λαπῆναι
1125 1167 1140 1186 ,
1164 1135 1383 1179 λαπισὲἣναι

204 1203 356 1255 corrige
382 1201 494 1241 sodes
518 1199 753 1242 λεπισθῆναιι
784 1200 876 1239 hinc
901 1200 953 1239 ad
980 1200 1218 1245 ἐκλαπήσεται
1245 1204 1389 1243 adscri-

205 1275 320 1321 ptum
359 1274 414 1305 est
438 1265 765 1316 ἐκλεπισθήσεται,
803 1266 913 1317 quod
949 1274 1085 1318 postea
1123 1270 1164 1308 in
1198 1271 1391 1321 genuinae

204 1329 381 1373 lectionis
407 1334 539 1371 locum
564 1332 729 1383 irrepsit.
777 1331 823 1369 In
847 1330 1065 1383 fragmento
1094 1333 1389 1387 Aristophanis,

205 1399 318 1452 quod
345 1398 475 1437 attulit
508 1396 734 1442 Erotianus‚
775 1395 1058 1447 pei-ridiculum
1093 1400 1228 1439 vitium
1260 1402 1393 1440 adhuc

206 1470 430 1521 philologos
456 1467 627 1517 decepit.
670 1466 887 1517 Scripserat
916 1466 1035 1504 Poeta
1067 1481 1140 1518 pro
1172 1472 1300 1522 φήμαις
1333 1465 1391 1508 οὖν

207 1534 278 1588 ἐγώ
308 1534 405 1575 nihil
437 1532 546 1573 aliud
573 1544 695 1583 quam
722 1531 806 1587 φήμ’
838 1527 894 1572 οὖν
924 1530 1021 1585 ἐγώ,
1058 1534 1169 1585 quod
1201 1548 1326 1586 quum
1353 1536 1395 1575 in

208 1601 335 1641 Codd.
368 1599 484 1638 scribi
520 1599 641 1637 soleat
667 1599 742 1636 sic:
781 1599 954 1654 φήμ”οῦν
988 1606 1025 1636 et
1058 1601 1134 1650 ('')
1172 1601 1219 1638 sit
1246 1601 1393 1638 tritissi-

207 1682 316 1709 mum
340 1665 620 1720 compendium
646 1664 819 1716 syllabae
845 1687 898 1695 —-
920 1682 973 1711 αις
981 1698 997 1719 ,
1025 1665 1155 1705 beavit
1177 1679 1248 1704 nos
1274 1666 1394 1705 libra·

207 1735 287 1772 rius
314 1732 454 1782 aliquis
486 1730 693 1767 bellissima
730 1731 918 1769 lectione:
956 1736 1095 1786 φήμαις.
1147 1732 1311 1782 Saepius
1338 1733 1393 1770 sic

208 1803 380 1837 erratum
412 1800 488 1833 est:
524 1794 565 1832 in
594 1806 706 1832 versu
732 1794 1030 1833 Phoenissarum
1065 1795 1177 1835 1371.

409 1856 438 1899 ὦ
465 1859 598 1912 τλῆμον
622 1859 689 1899 οἷον
717 1861 873 1915 τέρμον’,
901 1862 1075 1913 Ἰοκοὶςη,
1105 1861 1181 1910 βίου

207 1928 350 1981 legitur
384 1926 425 1965 in
460 1925 682 1964 Florentino
712 1926 851 1964 codice
881 1927 990 1979 apud
1023 1928 1282 1968 Valckenaer.
1314 1943 1392 1985 τερ-

212 1995 348 2048 μονίαισ
376 1993 521 2043 ‹ineis-n,
554 1992 659 2030 unde
686 1992 858 2043 pellucet
893 1997 1029 2032 veteris
1058 1995 1145 2032 libri
1177 1996 1392 2046 scriptura:

213 2059 505 2116 τέρμονι“ὀκοὶςη
533 2070 629 2111 pro:
667 2059 977 2115 τέρμον”ιοκάς-η.
1020 2062 1085 2100 Sic
1114 2074 1238 2114 quum
1270 2061 1326 2113 (')
1357 2068 1395 2100 et

212 2139 288 2180 pro
325 2125 565 2177 apostropho
601 2131 775 2177 ponatur
800 2132 836 2163 et
865 2140 937 2177 pro
965 2127 1113 2178 syllaba
1137 2143 1230 2173 -ες
1258 2129 1399 2180 legitur

217 2192 350 2232 adhuc
374 2191 416 2230 in
441 2189 612 2228 Erotiani
639 2189 841 2227 Prooemio
873 2206 912 2243 p.
948 2191 1009 2230 14.
1049 2192 1185 2231 Franz.
1214 2192 1392 2250 ἐμφρόνως

215 2259 343 2304 εἰδότες
382 2256 508 2311 ἄνδρες
548 2255 799 2309 ἐπαμύνασὲαι
831 2260 888 2297 ὅτε
925 2274 975 2303 τις
1012 2262 1176 2314 πρότερος
1214 2262 1396 2317 χαλεπήνῃ

218 2338 292 2378 pro
319 2324 421 2383 ἄνδρ’
454 2324 716 2381 ἀπαμύνασθαι
743 2337 790 2362 ex
822 2325 1018 2365 notissimo
1049 2327 1139 2366 loco
1166 2328 1323 2368 Homeri
1350 2331 1397 2371 Il.

217 2391 267 2429 Ω.
295 2392 386 2431 369.
442 2392 610 2431 Omnino
643 2392 812 2443 plurima
844 2392 958 2431 huius
983 2396 1133 2446 generis
1160 2397 1321 2446 reperiri
1350 2411 1397 2436 ac

217 2457 365 2495 restitui
390 2465 593 2510 poterunt,
622 2458 807 2509 imprimis
836 2470 881 2495 ex
905 2459 1075 2511 antiquis
1102 2459 1396 2510 Grammaticis,
