1572 2801
726 279 811 322 155

173 412 383 452 confundi:
412 413 513 465 quid
534 415 671 456 attinet
689 426 711 452 e
729 414 943 452 recentiore
963 413 1064 453 libro
1083 415 1208 466 κίαμος
1217 445 1233 464 ,
1262 412 1349 453 εἶλε-

173 480 299 534 κτριών
309 510 324 531 ,
344 479 497 535 φλιαρεῖν
518 481 705 519 enotare?
743 480 930 520 Novimus
955 495 1172 522 ει--ι-η
1202 479 1353 530 ubique

173 552 317 584 temere
337 546 577 597 permisceri:
606 560 702 585 num
723 546 883 598 prodest
901 547 999 586 scire
1017 549 1173 588 πειθανά
1183 579 1200 599 ,
1227 560 1350 601 παρα-

174 612 380 664 υενομικέυαι
390 643 407 664 ,
433 612 594 668 α’φείκετο
604 643 620 664 ,
647 612 837 670 πλευρίτην
855 613 989 651 vitiose
1007 614 1048 651 in
1070 614 1221 664 aliquot
1244 611 1351 650 libris

175 677 280 730 legi?
307 684 413 717 estne
438 678 532 717 utile
555 678 709 731 μελήσας
736 686 773 718 et
800 677 988 726 οἰνέλλεξας
1011 679 1190 731 apposita
1216 678 1348 716 videre

176 743 228 781 ad
254 743 432 796 μελλήσας
457 749 495 781 et
521 743 716 791 αὐέλεξαςΡ
757 744 854 793 Quis
887 744 986 782 serio
1014 744 1178 782 credet?
1219 744 1350 792 Quam

172 809 249 847 sint
270 809 381 847 nihili
403 810 607 850 faciendae
633 811 728 849 istae
756 811 974 862 scripturae
1001 811 1177 849 omnium
1205 811 1354 862 optime

174 880 284 912 certa
319 881 357 912 et
393 875 550 913 evidens
584 876 764 926 analogia
799 876 987 913 declarat.
1030 875 1280 925 Colloquitur
1314 876 1355 913 in

176 940 341 978 Luciani
364 939 524 978 Somnio
548 952 639 978 cum
664 940 768 992 gallo
790 940 1009 992 gallinaceo
1027 946 1135 979 sutor
1156 939 1352 983 Μίκυλλος.

175 1006 353 1044 vitiosam
371 1017 450 1043 esse
463 1004 568 1043 hanc
581 1006 745 1043 formam
768 1006 911 1043 evincit
931 1005 1130 1056 analogia,
1153 1018 1234 1056 qua
1249 1005 1354 1043 duce

177 1071 259 1110 sine
287 1071 368 1109 ullo
404 1072 542 1110 erroris
574 1072 751 1123 periculo
782 1071 930 1124 ubique
957 1071 1114 1117 Μικύλος
1148 1078 1204 1111 est
1238 1084 1356 1123 repo-

178 1139 369 1185 nendum,
392 1145 435 1177 ut
456 1139 662 1195 Θρασύλος,
681 1139 872 1195 Δερκύλοςτ
891 1145 1027 1179 eontra
1048 1151 1095 1177 ac
1115 1139 1209 1178 solet
1231 1138 1354 1177 libra-

179 1205 328 1243 riorum
348 1206 472 1251 natio,
502 1218 607 1257 quae
625 1205 838 1262 Θράσυλλος
861 1212 898 1243 et
916 1205 1113 1262 Δέρκυλλος
1135 1205 1230 1243 dare
1252 1210 1356 1242 amat

181 1277 220 1310 et
245 1272 286 1310 in
309 1272 485 1310 Luciano
511 1278 735 1315 constanter
755 1271 935 1317 Μίκυλλος
955 1272 1076 1310 dedit.
1107 1271 1356 1322 Analogiam‚

181 1350 304 1390 quam
336 1343 557 1389 sequuntur
591 1337 794 1390 Αἰσχύλος,
830 1336 1020 1388 Φειδύλος,
1056 1335 1221 1392 Πραύλος
1232 1368 1249 1387 ‚
1283 1336 1360 1373 alia

180 1403 328 1448 multa,
357 1406 564 1455 poetarum
588 1405 802 1443 auctoritas
825 1404 974 1455 ubique
1001 1403 1221 1441 confirmat.

394 1468 462 1509 ὡδὶ
491 1469 535 1510 δέ
560 1484 643 1526 φησι
669 1471 808 1516 Σωσίας
834 1470 916 1525 πρὸς
944 1469 1120 1524 Δερκύλον
1133 1501 1148 1520 ,

184 1543 240 1575 est
263 1537 304 1575 in
326 1536 599 1588 Aristophanis
618 1535 737 1590 Vesp.
760 1537 823 1578 78.
850 1538 947 1576 nihil
969 1543 1099 1575 tamen
1121 1535 1364 1587 frequentius

181 1616 305 1656 quam
334 1601 529 1657 Δέρκυλλος
550 1609 588 1641 et
613 1603 856 1660 Δερκυλλίδας
884 1605 924 1641 in
949 1603 1056 1640 libris
1083 1603 1232 1640 nostris.
1269 1602 1361 1658 Δέρ-

185 1671 312 1711 κυλλον
339 1669 554 1715 Αὐτοκλέους
580 1670 770 1709 habemus
801 1671 843 1709 in
869 1668 1071 1708 Aeschinis
1105 1675 1203 1707 orat.
1244 1669 1294 1707 de
1320 1669 1361 1706 F.

183 1740 230 1778 L.
258 1753 300 1791 p.
329 1737 417 1776 165.
446 1736 643 1792 Δέρκυλλου
671 1751 711 1788 p.
744 1736 829 1776 147.
861 1734 1060 1791 Δερκύλλου
1089 1750 1131 1787 p.
1158 1734 1224 1771 51.
1254 1733 1366 1771 codi-

185 1819 251 1845 ces
272 1806 454 1844 Bekkero
480 1806 673 1845 dederunt
697 1806 871 1863 Δέρκυλου
881 1839 896 1858 ,
925 1805 1104 1861 Δερκύλον
1115 1837 1129 1856 ,
1158 1810 1198 1842 at
1220 1804 1365 1854 sprevit

184 1874 330 1912 honam
364 1872 573 1910 lectionem
612 1885 733 1923 quam
769 1872 931 1909 abiectis
967 1871 1152 1909 codicum
1188 1870 1368 1907 sordibus

186 1940 337 1979 dudum
361 1944 562 1990 receptam
581 1939 769 1990 oportuit.
805 1938 988 1977 Nostrum
1010 1938 1170 1983 Μικύλος
1188 1936 1369 1987 dactylus

186 2014 242 2046 est
269 2006 379 2058 apud
406 2004 704 2044 Callimachum.
744 2005 979 2042 Fefellerunt
1008 2004 1186 2041 librarios
1219 2009 1255 2039 et
1288 2001 1365 2039 cri-

184 2075 284 2114 ticos
304 2071 556 2128 ὓποκοριςικοί,
583 2083 688 2123 quae
710 2070 825 2122 longe
846 2070 1036 2108 diversam
1060 2070 1280 2120 analogiam
1303 2079 1363 2105 se-

186 2146 384 2192 quuntur,
415 2139 548 2190 qualia
572 2143 660 2175 sunt
686 2135 875 2180 Βοίὲυλλος
887 2168 902 2186 ,
930 2135 1159 2191 Ἀρίς-υλλος,
1188 2134 1362 2186 Δίυλλος,

186 2206 381 2258 Ξένυλλος,
409 2217 514 2257 quac
540 2203 754 2242 blanditiae
783 2208 871 2240 sunt
899 2215 972 2254 pro
1004 2202 1223 2253 Βαθυκλῆς,
1259 2201 1359 2257 Ἀρι-

186 2273 342 2324 ςοκλῆς,
372 2270 543 2321 Διοκλῆς,
571 2269 765 2319 Ξενοκλῆς,
793 2270 927 2319 itaque
956 2268 1129 2322 Ἐρμύλος
1158 2268 1362 2305 manifesto

183 2338 363 2377 vitiosum
391 2345 447 2376 est
474 2349 547 2389 pro
574 2334 790 2390 Ἐρμυλλος.
820 2334 870 2371 ab
895 2335 953 2371 his
975 2334 1075 2371 fiunt
1100 2335 1257 2371 nomina
1281 2347 1365 2372 mu-

184 2403 321 2442 liebria
363 2406 403 2443 in
443 2404 596 2444 -υλλα
608 2437 621 2455 ,
662 2401 847 2458 Κρίτυλλα
859 2433 872 2452 ,
914 2400 1070 2440 Ξένυλλα
1081 2434 1096 2453 ‚
1139 2399 1359 2455 Ἀρίς-υλλαε
