1572 2801
767 208 856 253 126

219 339 397 381 nesciunt
410 341 470 380 sui
488 354 568 381 esse
582 340 732 381 arbitrii
753 347 792 380 et
805 340 942 380 iudicii
954 346 1141 388 statuere,
1163 356 1269 395 quae
1283 346 1400 385 lectio

216 408 345 446 in'vifis
370 408 482 446 libris
504 414 541 446 et
570 407 737 446 librariis
764 407 947 446 omnibus
972 408 1177 447 emendata
1205 423 1254 449 ac
1284 424 1397 460 vera,

218 465 324 524 quae
351 474 556 513 manifesto
581 475 678 513 falsa
711 480 749 512 et
781 474 916 525 inepta
943 474 1002 511 sit.
1045 474 1134 513 Non
1162 476 1212 514 ab
1236 477 1402 516 librariis

219 540 369 579 Graece
394 541 644 586 discendum,
675 540 743 578 sed
766 540 817 578 ab
838 540 929 591 ipsis
953 539 1130 586 Graecis,
1161 542 1229 581 ubi
1253 544 1303 582 de
1326 545 1399 583 sin·

221 608 381 646 ceritate
409 606 586 645 lectionis
605 605 715 643 nulla
739 611 794 642 est
818 604 927 655 apud
949 604 1111 644 idoneos
1130 607 1282 646 iudices
1302 622 1401 647 con·

216 673 422 717 troversia,
463 670 631 709 maxime
659 682 681 706 a
707 668 834 720 poetis
866 668 934 706 ubi
969 682 1019 707 ne
1053 671 1203 722 syllaba
1236 674 1400 725 quidem

217 738 320 777 elabi
348 738 501 790 potuit,
540 737 581 774 in
615 736 814 788 plerisque
846 735 963 773 etiam
998 749 1179 777 mensura
1207 740 1400 792 cuiusque

221 805 394 857 syllabae
424 810 531 842 certa
557 807 625 839 est.
681 799 818 849 Quid?
854 803 1057 857 καθάριος,
1086 809 1128 840 ut
1168 803 1246 841 hoc
1286 811 1395 851 utar,

220 872 465 910 Graecumue
488 868 693 907 credemus
717 867 826 906 esse?
853 869 1046 920 καθάρειος
1068 870 1240 922 postulat
1265 872 1400 909 analo-

218 939 280 991 gia
294 969 302 982 ,
336 937 544 976 confirmat
567 938 773 985 poetarum
797 936 1026 981 auctoritas,
1058 936 1124 974 cui
1146 937 1301 974 accedit
1323 937 1400 975 He-

215 1003 369 1043 rodiani
393 1000 668 1039 testimonium.
700 998 806 1046 Quid
831 998 953 1037 facias
973 1000 1093 1052 igitur
1116 1001 1146 1039 si
1165 1002 1206 1039 in
1224 1003 1402 1059 καθάριος

217 1071 346 1108 »libri
373 1081 510 1107 omnes
535 1065 809 1118 conspirant'’
839 1070 884 1102 ut
911 1067 1020 1117 apud
1048 1068 1263 1106 Lucianum
1287 1069 1331 1107 D.
1352 1071 1397 1108 D.

214 1137 264 1175 V.
296 1134 316 1187 ᾗ
343 1134 382 1172 4.
410 1135 590 1189 καθάριος
618 1132 691 1186 γὰρ
718 1129 778 1169 καὶ
809 1129 1071 1185 ῥοδοδάκτυλος
1098 1133 1158 1171 καὶ
1174 1134 1399 1189 ,ἐπις-αμένως

216 1202 326 1257 ὀρέγει
352 1200 390 1239 τὸ
418 1201 581 1252 ἔκπωμα.
623 1199 773 1248 Nempe
799 1203 929 1236 certus
954 1200 1206 1239 coniecturae
1231 1215 1397 1255 repones

215 1269 438 1322 καθάρειος,
468 1278 597 1316 eoque
624 1264 747 1315 magis
773 1263 867 1314 quia
896 1265 957 1302 vel
990 1266 1030 1303 in
1063 1265 1160 1304 locis
1186 1272 1396 1319 'poiitarum

215 1334 361 1374 librarii
384 1333 593 1385 antiquum
618 1329 813 1375 obtinent,
837 1335 880 1367 ut
903 1331 1014 1383 apud
1036 1332 1235 1373 Eubulum
1252 1335 1395 1376 Athen.

211 1403 302 1443 VII.
328 1401 419 1439 311.

377 1468 428 1519 μὴ
457 1464 653 1509 πολυτελῶς
679 1462 778 1501 ἀλλὰ
805 1464 1007 1518 καθαρείως
1033 1467 1054 1505 ὅ
1079 1481 1110 1505 τι
1138 1466 1182 1506 ἂν
1208 1465 1245 1519 ᾖ,

207 1534 248 1572 in
266 1534 392 1572 'unico
418 1533 558 1570 codice
582 1537 619 1569 et
643 1529 883 1582 apographis
906 1531 1095 1582 scriptum
1114 1540 1169 1571 est
1190 1535 1390 1589 καθαρίως.

208 1600 357 1639 Contra
387 1599 569 1652 μεγάλειος
600 1602 638 1634 et
670 1594 887 1648 μεγαλείους,
922 1607 1027 1645 quae
1060 1597 1224 1636 eandem
1259 1600 1395 1637 analo-

211 1666 312 1719 giam
341 1671 576 1717 sequuntur,
607 1675 687 1701 non
719 1662 843 1702 solent
868 1661 1094 1713 depravari,
1126 1670 1169 1702 ut
1192 1679 1234 1716 p.
1250 1663 1341 1704 302.
1363 1665 1391 1704 f.

213 1736 287 1778 ὅςις
314 1730 480 1785 ὠψώνηκ’
515 1731 597 1775 ἴσως
627 1730 779 1774 Τούτους
804 1729 996 1782 μεγαλείως
1030 1731 1110 1775 ταῖς
1144 1730 1267 1775 κάκις“
1300 1731 1391 1771 ἀπο-

211 1799 405 1851 λουμέναις.
470 1797 709 1850 Corrigenda
749 1785 956 1849 supersunt
995 1797 1106 1849 apud
1148 1796 1394 1835 Athenaeum

212 1865 335 1903 haec:
364 1881 406 1918 p.
429 1864 524 1903 661.
547 1864 576 1901 f.

735 1928 1032 1983 ,ἐπισημαιὶιεσθ“,
1058 1929 1121 1969 ε’ἀυ

422 1998 445 2040 ἡ
473 1996 641 2036 σκευασίαι
666 1997 862 2051 καθάρειος
889 1995 911 2050 ᾖ
938 1995 998 2035 καὶ
1024 1996 1182 2039 ποικίλη.

205 2079 262 2117 ·p.
287 2064 377 2103 550.
409 2078 444 2103 a.
474 2063 645 2109 πολλάκις
671 2062 715 2103 δέ
738 2078 824 2108 τινες
845 2063 905 2103 καὶ
930 2065 1123 2123 καθάρειον
1143 2064 1395 2104 ἀκολουθίσκον

219 2130 495 2188 προσδιδόασιν,
524 2130 591 2169 ubi
619 2130 744 2168 codex
772 2134 809 2168 et
837 2131 1025 2168 editiones
1042 2132 1189 2170 >vitiose
1221 2132 1397 2187 καθάριος

221 2205 259 2237 et
287 2200 481 2256 καθάριον.
511 2212 551 2249 p.
567 2196 638 2237 >744
665 2197 703 2234 d.
735 2198 755 2238 ἡ
782 2188 1090 2251 συκῆ-ἡγεμὼν
1118 2201 1179 2238 τοῦ
1200 2199 1394 2255 καθαρείου

220 2265 298 2318 βίου
338 2268 408 2311 τοῖς
449 2266 648 2319 ἀνθρώποις
684 2264 817 2319 ἐγένετο
827 2299 843 2318 ,
888 2266 955 2304 ubi
993 2267 1232 2319 archetypus
1271 2266 1398 2305 codex

220 2331 400 2388 καθαρίου
429 2330 560 2378 dedit,
591 2330 702 2385 quod
726 2336 833 2371 recte
855 2331 1075 2373 emendavit
1101 2332 1299 2386 Epitomes
1326 2345 1397 2372 au·
