1572 2801
730 287 817 331 157

179 434 340 461 manum
370 434 492 474 quam
523 427 603 460 tam
630 426 811 473 proterve
845 421 892 458 iis
928 418 1106 458 illudere.
1153 420 1296 474 Itaque
1331 423 1363 460 si

179 488 268 540 quis
287 488 449 527 credere
474 494 624 541 potest:

342 560 383 596 ἥν
408 570 466 607 μοι
493 553 708 611 προσέλὲῃξ
717 553 781 593 καί
806 569 838 594 τι
865 552 992 610 γρύξαι
1020 553 1197 609 τολμήσῃς

177 622 447 662 choliambum
466 635 564 667 esse,
590 622 744 659 fruatur
765 621 877 673 quod
900 627 1017 659 amet.
1054 621 1101 659 In
1119 634 1231 660 versu
1254 627 1362 660 sexto

178 692 351 744 postulat
382 689 580 728 Graecitas
607 693 651 725 ut
677 687 891 726 scribaturt

420 756 548 801 ἄλλους
576 755 774 801 α’λωπέκιζε
801 755 880 800 τοὺς
908 756 1131 811 α’πειρήτους.

178 837 271 862 nam
303 823 530 871 ἀλωπεκίζειν
560 825 640 862 τινά
674 828 730 860 est
762 821 948 873 vulpinis
982 822 1144 861 artibus
1179 821 1361 873 aliquem

182 892 498 934 circumvenire,
523 887 749 934 ἀλωπεκίζειν
775 887 844 925 τινί
861 887 994 925 alicui
1013 888 1211 939 vulpinas
1221 887 1362 938 falla-

179 957 270 994 cias
307 958 515 993 ostentare
549 954 627 992 sive
657 957 700 990 ut
727 951 921 998 oblectes,
953 952 1031 991 sive
1057 959 1100 991 ut
1126 965 1285 992 moneas
1310 967 1361 993 ne

178 1020 362 1058 credulus
391 1019 585 1070 capiatur.
640 1017 861 1055 Genuinum
883 1031 962 1056 esse
985 1018 1092 1056 hunc
1120 1032 1272 1057 versum
1299 1021 1360 1058 vel

178 1086 303 1124 forma
336 1085 473 1124 Ionica
498 1084 666 1123 ostendit
690 1084 886 1140 ἀπείρητος.
942 1083 993 1122 At
1021 1084 1174 1135 spurius
1195 1092 1250 1124 est
1277 1086 1359 1125 sine

177 1153 440 1191 controversia
464 1166 595 1192 versus
616 1154 794 1198 ultimus,
825 1153 937 1190 cuius
958 1164 1077 1190 causa
1103 1153 1237 1191 locum
1261 1159 1361 1191 attu-

175 1218 224 1256 li:
259 1224 302 1256 ut
329 1231 437 1256 nunc
463 1218 605 1271 legitur
630 1218 728 1257 nihil
753 1218 970 1270 significat,
1000 1231 1174 1270 namque
1195 1216 1362 1273 ὑπερεθί-

175 1289 246 1332 ζειν
274 1285 433 1336 βασιλεῖς
452 1286 503 1324 ab
530 1286 609 1323 hoc
638 1286 727 1323 loco
754 1284 1028 1323 alienissimum
1050 1290 1119 1322 est.
1159 1284 1259 1323 Satis
1279 1298 1361 1323 cer-

175 1356 260 1390 tum
285 1363 365 1390 esse
387 1351 530 1402 opinor
553 1351 745 1402 scriptum
772 1350 886 1388 fuisse
915 1350 1149 1401 aliquando:

380 1417 509 1464 ἄλλους
535 1416 578 1458 δὲ
605 1417 764 1470 βασιλεῖς
791 1418 940 1473 αἱρέτιζε
967 1416 1027 1456 καὶ
1054 1418 1153 1459 ποίει.

177 1483 289 1535 quod
315 1498 441 1536 quum
466 1485 627 1523 solemni
655 1497 784 1523 errore
811 1485 851 1523 in
877 1484 1004 1538 ε’ρέτιζε
1033 1485 1185 1523 abiisset
1213 1491 1358 1523 acutu-

174 1549 235 1587 lus
272 1551 414 1602 aliquis
451 1552 617 1591 restituit
647 1551 848 1608 ὑπερέὲιζε.
897 1552 985 1591 Non
1017 1558 1168 1590 tantum
1208 1552 1356 1608 αἱρέτιζε

172 1617 435 1658 recentiorum
460 1626 540 1667 est,
574 1620 641 1659 sed
664 1621 780 1659 etiam
809 1620 967 1674 βασιλεῖς
996 1632 1069 1673 pro
1096 1618 1265 1671 βασιλέας
1289 1631 1356 1657 ve·

173 1684 320 1724 teribus
366 1687 567 1739 ignotum,
620 1702 703 1740 quo
745 1691 897 1742 turpius
941 1695 997 1727 est
1037 1687 1148 1740 quod
1190 1687 1356 1726 restituit

172 1750 449 1790 Lachmannus
474 1766 528 1791 vs-
555 1752 617 1793 78.

378 1816 508 1868 βασιλῆ
534 1817 579 1858 δέ
604 1832 686 1874 φησι
713 1819 772 1858 τὸν
797 1818 900 1859 λύκον
925 1822 1144 1864 καταςῆσειν

170 1893 246 1933 pro
265 1881 433 1921 lectione
457 1883 605 1922 codicis
626 1884 794 1937 βασιλέα.
831 1886 979 1937 Nempe
1000 1883 1151 1937 βασιλέα
1169 1889 1352 1935 correpta

171 1949 308 1988 ultima
330 1949 512 1989 Graeculi
533 1950 735 2000 dicebant,
761 1954 831 2005 qui
851 1953 1078 1992 nesciebant
1094 1957 1350 2003 anapaestum

169 2014 212 2053 in
248 2015 421 2054 secunda
459 2016 551 2055 sede
587 2024 725 2056 contra
763 2025 885 2057 artem
924 2031 1026 2064 esse,
1065 2017 1198 2069 βασιλῆ
1232 2029 1349 2055 nemo

171 2095 360 2135 umquam
375 2082 485 2122 dixit.
514 2083 726 2140 Αἱρετίζειν,
748 2085 860 2138 quod
873 2084 1154 2124 recentioribus
1168 2084 1352 2136 frequens

169 2152 225 2185 est
251 2153 294 2186 ut
315 2150 549 2204 χαιρετίζειν,
579 2151 753 2190 similiter
778 2152 820 2189 in
845 2152 990 2206 ἠρέθιζε
1019 2150 1113 2189 abiit
1138 2152 1180 2189 in
1211 2150 1347 2189 fabula

170 2212 243 2262 61,
273 2216 296 2254 5
311 2244 321 2263 ,
358 2228 462 2269 quae
488 2222 571 2255 tota
596 2221 652 2254 est
679 2228 726 2254 ex
749 2215 1007 2268 ineptissimis.

358 2288 409 2337 ᾔει
436 2283 581 2337 κυνηγὸς
607 2282 646 2331 ἐξ
674 2286 773 2338 ὅρους
799 2288 1022 2336 κῦνηγήσας,

357 2354 411 2403 ᾔει
435 2349 479 2391 δὲ
506 2349 645 2408 γριπεὺς
669 2350 794 2406 κύρτον
819 2350 959 2404 ἰχθύων
986 2350 1148 2403 πλήσας,

357 2417 425 2456 καί
443 2432 517 2464 πως
541 2417 781 2470 συνηβόλησαν
807 2418 837 2457 οἱ
864 2417 922 2457 δύ’
949 2416 1129 2463 ἀλλήλοις.
