1572 2801
747 186 805 230 10

197 330 271 367 set.
318 323 599 377 Supervenere
630 333 676 361 ea
709 324 915 376 tempora,
947 334 1077 377 quum
1109 321 1247 364 fractis
1276 336 1355 365 ser-

195 398 324 438 vitute
354 393 499 435 animis
525 393 639 434 nitor
658 392 729 435 ille
758 393 956 450 pristinus
981 394 1180 450 paulatim
1212 402 1354 438 conta-

192 470 428 510 minaretur.
475 466 606 508 Simul
633 466 734 508 fines
757 465 912 522 quibus
939 467 1036 509 olim
1065 468 1353 511 continebatur

193 543 275 583 late
319 539 494 597 proferri
536 539 670 594 coepti
704 544 822 580 sunt:
864 540 1044 596 primum
1081 540 1351 584 Macedonum

191 628 303 655 arma
345 626 441 653 cum
483 611 656 667 imperio
695 625 771 652 suo
811 611 990 653 Graecae
1027 612 1191 667 linguae
1229 627 1349 655 usum

190 683 475 727 extendebant.
537 683 700 724 Asiatici
738 696 900 736 omnes,
931 682 1145 740 Aegyptii,
1181 685 1240 726 nil
1275 686 1351 727 nisi

191 758 363 800 Graece:
403 755 552 799 deinde
582 771 631 798 ex
667 770 752 812 quo
792 756 923 797 victor
955 754 1166 798 Romanus
1197 758 1352 801 Graece

188 832 407 881 didicerat,
438 830 481 870 in
507 835 595 870 toto
626 829 813 870 Romano
844 827 944 870 orbe
974 828 1239 884 elegantiores
1269 845 1352 872 om-

190 920 263 948 nes
290 905 444 946 Graeca
477 902 611 959 patrio
642 902 818 943 sermoni
850 901 1071 944 anteferre:
1101 903 1255 945 Graece
1279 906 1352 946 sci·

192 992 258 1031 re,
283 977 437 1018 Graece
463 975 600 1030 loqui,
627 975 781 1016 Graece
807 974 985 1016 scribere
1011 977 1232 1033 praecipua
1260 977 1352 1019 laus

190 1047 434 1091 habebatur.
496 1047 603 1088 Hinc
644 1047 766 1104 pem'it
797 1047 953 1103 antiqui
990 1049 1187 1090 sermonis
1220 1050 1350 1092 since-

191 1123 289 1163 ritas
319 1118 512 1162 omnibus
541 1119 596 1159 ita
629 1119 689 1160 uti
722 1118 770 1160 fit
796 1133 845 1160 ex
877 1120 938 1160 sui
970 1120 1166 1161 sermonis
1193 1134 1272 1163 usu
1303 1136 1351 1164 ac

191 1195 349 1237 ratione
378 1192 536 1249 aliquid
568 1192 747 1234 alienum
778 1200 819 1234 et
853 1191 1063 1234 sordidum
1091 1192 1351 1237 admiscenti-

190 1269 283 1312 bus.
327 1268 456 1310 Natus
485 1271 547 1308 est
569 1280 703 1308 sermo
730 1263 922 1308 omnibus
945 1267 1175 1308 communis
1202 1273 1244 1309 et
1267 1267 1350 1310 fiere

188 1341 377 1399 plebeius
411 1341 497 1382 sine
532 1339 671 1381 colore
701 1353 778 1381 nec
817 1339 973 1394 vigore,
1006 1354 1130 1395 quem
1164 1339 1215 1380 ad
1244 1342 1350 1381 anti-

190 1416 379 1472 quiorem
410 1414 529 1455 illum
557 1419 841 1469 comparatum
869 1419 977 1453 recte
1000 1419 1217 1455 mortuum
1243 1413 1351 1456 dixe-

190 1491 259 1531 ris.
321 1489 367 1530 ln
404 1488 598 1530 Graeciae
634 1486 779 1528 incolis
814 1486 1134 1542 languescebant
1169 1488 1349 1544 spiritus.

189 1562 450 1605 Advolarunt
485 1566 696 1616 tamquam
726 1560 768 1601 in
803 1573 978 1601 vacuum
1009 1574 1202 1616 campum
1233 1575 1350 1618 pere—

189 1637 292 1693 grini
317 1636 559 1686 imitatores,
587 1633 658 1688 qui
686 1638 869 1689 arreptas
894 1632 1075 1688 undique
1100 1634 1246 1676 veteris
1270 1648 1349 1677 ser-

187 1709 321 1751 monis
348 1706 540 1762 reliquias
564 1705 717 1761 ingenti
745 1703 886 1746 labore
911 1711 952 1746 et
978 1705 1116 1747 studio
1139 1710 1351 1763 tamquam

188 1785 232 1825 in
256 1781 415 1823 musivo
436 1794 559 1835 opere
579 1778 799 1820 tesserulas
823 1786 1115 1835 componentes
1130 1780 1171 1821 in
1189 1794 1350 1824 summo

191 1855 385 1897 orationis
432 1858 580 1894 ornatu
622 1852 775 1893 scilicet
814 1857 855 1893 et
896 1852 1350 1910 magnifico'apparatu

189 1929 333 1983 inopes
349 1924 594 1968 incedebant·
608 1930 649 1966 et
666 1925 809 1966 ieiuni:
830 1926 1033 1967 maximus
1054 1925 1206 1982 prodiit
1226 1928 1351 1985 scrip-

188 2009 329 2044 torum
372 2013 588 2053 numerus,
631 1998 731 2040 dum
772 1998 882 2041 docti
924 1998 1161 2056 indoctique
1199 2002 1350 2058 passim

191 2075 241 2117 ad
284 2072 569 2130 componenda
608 2086 682 2113 sua
728 2072 792 2113 vel
833 2072 963 2115 aliena
1005 2071 1182 2114 ruebant
1216 2088 1351 2130 neque

191 2147 370 2204 amplius
410 2151 557 2187 natura
596 2144 665 2186 sed
707 2143 883 2186 eruditio
921 2143 1164 2186 incendebat
1199 2145 1347 2188 studia.

188 2220 331 2262 Oritur
353 2218 542 2262 confusio
563 2218 725 2274 ingens,
749 2216 838 2258 aliis
861 2216 916 2258 ad
942 2215 1123 2259 nobilem
1147 2218 1348 2270 maiorum

190 2294 490 2350 simplicitatem
513 2297 555 2335 et
577 2291 859 2347 incorruptam
878 2290 1073 2332 sermonis
1095 2292 1349 2336 serenitatem
