1572 2801
726 215 811 259 141

187 353 235 396 ὡς
267 351 315 389 ὼν
347 350 547 407 Ἀρις-είδης
583 350 618 402 [ὁ
648 350 728 395 τοὺς
759 352 882 406 φόρους
915 349 1030 397 τάξας
1064 351 1134 395 τοῖς
1165 348 1366 402 Ἓλλησιν,

186 419 204 458 ὁ
228 417 365 464 δίκαιος
392 417 671 471 ἐπικαλούμενος]
702 416 927 472 δυσχεραίνει
957 415 1015 455 καὶ
1042 417 1235 456 καταπτύει
1257 416 1368 473 δωρο-

186 484 323 532 δοκίας.
376 485 574 524 Redolent
610 483 709 520 haec
744 483 948 534 magistelli
981 482 1145 520 alicuius
1180 483 1367 520 eruditio-

184 562 297 599 nem,
340 565 445 605 quae
481 563 603 603 quam
636 549 682 586 sit
710 547 760 586 ab
795 548 872 586 hoc
901 548 991 586 loco
1027 549 1153 586 aliena
1185 554 1223 585 et
1262 548 1368 586 unde

183 621 305 673 petita
334 620 374 657 hi
407 617 485 655 loci
514 616 740 654 ostendent:
770 615 852 665 ipse
881 614 1091 653 Aeschines
1122 615 1162 652 in
1193 613 1367 666 Ctesiph.

185 695 228 738 p.
253 685 321 724 90.
350 682 623 737 ὑπολαμβάνετε
646 681 733 735 ὁρᾶν
752 679 809 719 ἐπὶ
832 682 893 718 τοῦ
916 679 1073 733 βήματος
1094 679 1294 735 Ἀριςείδην
1315 703 1367 709 -

188 752 248 791 τὸν
275 750 353 795 τοὺς
380 753 502 806 φόρους
526 750 692 797 τάξαντα
721 751 790 794 τοῖς
819 747 990 794 Ἕλλησιν
999 782 1015 801 ,
1039 747 1078 789 οὗ
1103 749 1370 794 τελευτήσαντος

187 818 252 862 τὰς
278 818 473 872 θυγατέρας
504 815 673 863 ἐξέδωκεν
705 815 722 853 ὁ
749 814 878 866 δῆμος.
918 815 1117 853 Demosth.
1147 815 1190 853 in
1220 816 1369 853 Aristo-

185 889 333 921 cratem
359 879 401 934 p.
421 882 513 921 690.
544 884 622 923 τότε
646 882 708 934 μὲν
730 883 802 937 γὰρ
827 886 878 935 τῷ
906 882 1011 937 κυρίῳ
1039 886 1108 920 τῶν
1134 883 1248 937 φόρων
1272 898 1369 936 γενο-

186 951 278 1004 μένῳ
308 948 419 997 τάξαι
446 948 629 1006 Ἀρις-είδῃ
660 947 810 1001 οὐδεμιᾷ
844 946 997 1004 δραχμῇ
1028 946 1136 986 πλείω
1172 948 1220 986 τὰ
1248 947 1368 1004 ὑπάρ-

187 1031 301 1068 χοντα
335 1015 493 1070 ἐγένετο,
531 1017 630 1057 α’λλὰ
669 1015 730 1055 καὶ
762 1014 1007 1058 τελευτήσαντ’
1040 1014 1144 1053 αὐτὸν
1178 1015 1318 1069 ἔθαψεν
1343 1018 1365 1059 ἡ

185 1082 296 1128 πόλις.
325 1095 482 1121 necesse
504 1083 606 1120 enim
629 1087 684 1119 est
709 1087 752 1119 ut
775 1080 888 1118 simul
911 1079 1120 1117 adficiatur
1143 1082 1296 1132 aliquid
1319 1082 1369 1120 de

184 1155 420 1201 paupertate
455 1147 691 1200 integerrimi
721 1146 908 1191 hominis,
951 1150 1163 1196 postquam
1196 1146 1370 1187 Athenas

183 1220 278 1253 esset
305 1211 498 1252 resersus:
529 1220 612 1251 tum
637 1214 708 1251 ista
735 1212 908 1256 ὁδίκαιος
937 1210 1201 1264 ἐπικαλούμενος
1223 1214 1275 1251 ad
1298 1214 1369 1252 hos

186 1281 384 1320 auditores
405 1280 484 1319 dici
507 1292 588 1319 non
606 1285 840 1333 potuerunt:
870 1290 1029 1331 prorsus
1055 1278 1160 1317 idem
1185 1279 1226 1318 in
1250 1279 1369 1319 alium

183 1349 318 1386 locum
357 1346 559 1384 Aeschinis
593 1347 695 1384 male
730 1347 927 1384 invectum
964 1350 1019 1381 est
1050 1345 1091 1382 in
1120 1345 1293 1399 Ctesiph.
1322 1362 1364 1399 p.

181 1410 248 1450 ffl.
277 1411 345 1449 ubi
372 1410 505 1448 adhuc
532 1411 694 1462 pessime
722 1410 883 1461 legitur:
922 1407 1125 1464 Ἀριςείδης
1165 1411 1199 1461 [ὁ
1227 1410 1363 1458 δίκαιος

185 1475 466 1530 ἐπικαλούμενος]
493 1478 510 1516 ὁ
533 1479 595 1519 τὴν
616 1478 782 1530 α’νομοίαν
806 1479 899 1529 ἔχων
919 1476 1116 1528 ἐπωνυμίαν
1139 1477 1361 1531 Δημοσθένει.

182 1545 230 1583 In
252 1544 390 1582 eadem
413 1544 588 1582 oratione
612 1559 652 1596 p.
681 1544 745 1582 33.
776 1547 878 1583 τοῦτο
904 1542 942 1582 δ’
969 1543 1029 1598 ἄρ’
1050 1542 1091 1586 ἦν
1116 1544 1258 1596 α’γχόνη
1287 1545 1365 1596 [καὶ

182 1612 292 1663 λύπη]
310 1613 449 1666 τούτῳ,
475 1623 590 1649 nemo
617 1613 686 1662 qui
710 1612 789 1649 vim
811 1612 996 1650 vocabuli
1019 1613 1160 1664 α’γχόνη
1184 1613 1293 1651 novit
1317 1626 1365 1652 ac

180 1679 295 1717 sentit
329 1677 472 1716 insulso
500 1678 845 1729 interpretamento
881 1684 1032 1729 parcet.
1083 1678 1223 1716 Mirum
1253 1679 1366 1731 quod

180 1745 333 1783 tamdiu
354 1746 395 1783 in
416 1745 587 1782 Platonis
614 1744 779 1795 Gorgiae
807 1745 918 1783 initio
942 1746 1063 1783 simile
1085 1745 1222 1784 vitium
1243 1746 1366 1785 latere

181 1810 311 1863 potuit
332 1810 373 1847 in
396 1808 474 1846 his:
505 1808 587 1848 α’λλ“
610 1806 633 1851 ἧ
650 1809 690 1848 τὸ
708 1809 888 1863 λεγόμενον
909 1812 1057 1849 κατόπιν
1076 1810 1196 1865 ἑορτῆς
1213 1816 1339 1864 ἥκομεν
1345 1830 1362 1864 ;

191 1875 268 1927 [καὶ
298 1875 502 1931 ὑςεροῦμεν]
534 1897 588 1904 ——
614 1875 673 1914 καὶ
704 1876 810 1929 μάλα
846 1876 880 1929 γ’
917 1877 1043 1922 οἷς-είας
1082 1876 1214 1930 ἑορτῆς.
1267 1877 1363 1926 Quis

182 1954 373 1993 umquam
399 1942 489 1979 trito
518 1940 727 1992 proverbio
760 1942 936 1979 inutilem
966 1948 1004 1979 et
1030 1942 1210 1993 putidam
1236 1944 1361 1994 expli-

182 2009 377 2046 cationem
405 2006 546 2045 addit?
587 2006 698 2045 Idem
722 2007 824 2046 valet
845 2008 886 2046 in
910 2008 1041 2046 locum
1068 2009 1205 2047 incerti
1232 2016 1366 2049 aucto-

178 2074 247 2119 ris,
275 2074 346 2125 qui
368 2073 520 2124 scripsit
542 2072 763 2111 Axiochum
784 2087 825 2124 p.
852 2073 941 2112 729.
972 2074 1035 2113 διὰ
1061 2074 1189 2119 παντὸς
1210 2073 1253 2114 δὲ
1274 2077 1359 2121 ἔθος

184 2139 259 2185 ἐς-ἱν
297 2140 396 2194 αὐτῷ
430 2143 551 2197 φωνεῖν
586 2141 631 2180 τὸ»
666 2141 940 2198 Ἐπιχάρμειον·
982 2145 1008 2183 o‘e
1043 2142 1094 2184 δὲ
1130 2142 1236 2200 χεὶρ
1273 2146 1358 2185 τάν

183 2208 324 2261 χεῖρα
359 2206 476 2254 νίζει
516 2206 592 2258 [δός
628 2222 660 2246 τι
688 2207 748 2246 καὶ
780 2208 871 2260 λαβέ
902 2208 950 2260 τι]
965 2242 981 2261 ,
1020 2210 1087 2248 ubi
1120 2211 1261 2249 frustra
1291 2225 1362 2251 co·

179 2276 325 2309 nantur
349 2273 454 2312 istud
492 2274 800 2312 additamentum
838 2275 878 2313 in
904 2288 1087 2314 numeros
1123 2275 1361 2317 Trochaicos

180 2348 334 2390 cogere.
375 2339 423 2378 In
450 2342 621 2381 Platonis
643 2342 857 2394 Protagora
883 2356 925 2394 p.
949 2342 1042 2382 311.
1066 2356 1101 2381 a.
1128 2342 1215 2383 ἀλλ’
1237 2345 1356 2398 ἴωμεν.
