1572 2801
708 232 791 308 1'0'1
807 284 809 286 .

157 385 210 433 ἐἷς
227 382 385 423 mserum·
403 381 547 439 καθίςη.
581 382 731 436 Nempe
747 383 999 423 scribendum
1015 389 1108 425 est‘
1093 386 1136 426 ιν’
1157 387 1342 434 ἦπίςωσθε

163 462 212 489 ex
238 441 432 488 constanti
459 462 530 487 usu
557 448 818 496 Graecorum,
848 461 967 500 quem
995 457 1102 489 recte
1128 453 1342 505 cogitando

164 519 318 567 semper
342 514 463 552 secuti
497 520 608 559 sunt,
649 526 732 565 quo
767 520 857 567 post
892 513 1081 568 ἐβουλόμην
1108 521 1178 568 ἄν,
1206 517 1341 572 ἐχρῆν,

167 574 268 631 εἴθε,
294 572 426 642 ὤφελον
450 585 487 616 et
512 578 669 623 similia,
697 579 894 640 particula
919 582 975 617 ἵνα
996 581 1037 617 in
1063 580 1232 632 pedestm
1254 595 1344 619 ora-

167 646 272 685 tione
298 652 335 684 et
362 650 564 697 praeterea
591 657 638 688 ως
646 675 663 695 ‚
690 647 782 689 ὅπως
800 644 909 695 apud
932 648 1068 696 poetas
1087 640 1343 684 indicativum

164 710 327 748 habent.
367 709 500 747 Fidem
526 702 647 746 'faciat
678 709 761 760 ipse
796 709 927 759 Lysias
959 723 999 760 p.
1034 709 1103 747 101
1138 706 1247 760 (238.
1276 711 1341 761 Β.)

166 775 359 829 ἐβουλόμην
386 767 421 813 δ’
453 772 497 812 ἂν
527 775 578 826 μὴ
608 774 806 827 ἀπολαχεῖν
832 775 939 815 αὐτὸν
971 778 1095 831 κριτὴν
1130 777 1344 830 Διονυσίοις,

164 843 208 882 ἶν’
244 842 327 895 ὑμῖν
361 841 508 897 φανερὸς
544 839 677 892 ἐγένετο
713 840 789 893 ἐμοὶ
832 840 1084 895 διηλλαγμένος
1127 849 1165 880 et
1202 857 1244 895 p.
1277 843 1343 882 98.

166 906 278 958 (230.
300 906 382 956 R).
412 905 601 969 ἐβουλόμην
627 904 664 944 δ’
684 905 755 956 ἂν,
778 901 808 943 ὦ
830 904 963 957 βουλή,
990 907 1133 961 Σίμωνα
1156 923 1219 951 την
1237 910 1347 953 αὐτην

169 973 312 1026 γνώμην
332 969 407 1024 ἐμοὶ
430 972 523 1023 ἔχειν
549 970 590 1009 ιν·
616 964 826 1026 ἀμφοτέρων
853 972 951 1024 ημῶν
970 971 1180 1020 ἀκούσαντες
1198 974 1343 1020 τάληθῆ

166 1038 303 1095 ῥᾳδίως
326 1039 453 1090 ἔγνωτε
475 1038 523 1076 τὰ
544 1036 682 1075 δίκαια.
725 1036 831 1084 Quid
854 1038 1009 1074 interest
1031 1038 1070 1075 in
1075 1044 1133 1075 ter
1155 1039 1347 1093 ἐβουλομην

170 1103 216 1143 ἂν
240 1101 347 1141 -ἴν’
369 1104 498 1155 ἔγνωτε
528 1107 566 1139 et
592 1100 786 1155 ἐβουλόμην
812 1101 856 1139 ἂν
887 1101 994 1139 -ἵν’
1025 1103 1084 1143 ῆπ
1077 1102 1239 1146 ’ς-ασὲεέ)
1277 1105 1346 1142 Ni-

166 1168 223 1208 hil
256 1166 431 1207 omnino.
480 1166 582 1207 Vide
614 1179 722 1204 nunc
748 1166 855 1217 quid
881 1166 959 1203 desi
952 1168 1164 1218 ·gnaverint
1199 1169 1347 1208 librarii

167 1239 236 1271 aut
262 1234 454 1270 temerarii
482 1239 724 1271 correctores
749 1232 791 1269 in
819 1232 982 1271 Luciani
1009 1233 1053 1270 Di
1058 1234 1172 1285 alogo
1202 1235 1349 1273 Mortu-

167 1311 281 1337 orum
316 1298 387 1338 VI.
428 1298 538 1336 Tom.
571 1297 603 1335 Ι.
646 1300 688 1350 p.
723 1296 815 1336 348.
863 1297 988 1337 εἰδέναι
1021 1298 1131 1353 ἐχρῆν
1166 1302 1252 1339 πότε
1285 1300 1346 1340 καὶ

170 1363 381 1412 τεθνήξεται
411 1369 481 1404 τῶν
507 1366 673 1419 γερόντων
700 1366 826 1408 ἕκαςος
852 1368 907 1403 ἵνα
937 1367 988 1417 μὴ
1024 1369 1140 1418 μα’την
1171 1367 1215 1405 ἂν
1240 1366 1347 1412 ἐνίους

163 1430 398 1486 ἐθεράπευον.
456 1430 647 1482 Expunge
683 1435 933 1481 quantocyus
967 1420 1236 1482 importunum
1276 1436 1347 1484 ἄν,

168 1509 252 1548 quo
280 1496 479 1534 Graecitas
504 1495 790 1547 pessumdatur.
831 1495 878 1532 In
905 1495 994 1532 loco
1024 1496 1239 1533 Philodemi
1270 1496 1347 1551 περὶ

169 1566 302 1602 κακιῶν
331 1561 372 1599 in
407 1560 565 1601 Volum.
598 1560 808 1599 Herculan.
853 1560 898 1598 T.
922 1560 994 1624 ΙΙΙ.
1036 1561 1142 1601 Part.
1170 1559 1224 1598 11.
1259 1559 1343 1619 Col.

155 1619 303 1688 ‘XXIII
332 1626 492 1677 legitur:

356 1689 418 1730 καὶ
444 1689 529 1746 πρὸς
556 1689 635 1736 τοὺς
662 1690 938 1744 συγκαθημένους
952 1681 1147 1743 θαυμαζον

355 1771 402 1795 τα
429 1756 488 1795 ’καὶ
514 1755 814 1810 προσκαλούμενος
840 1755 885 1799 εἷς
911 1770 964 1793 κοι

351 1820 512 1873 ’νολογίαν
537 1818 719 1876 φοβεῖσθαι
745 1817 805 1858 καὶ
832 1818 931 1859 τάλοὶ

354 1901 447 1940 χιςα
472 1887 619 1963 φάσκειν
646 1888 764 1940 ἄπορα
790 1885 953 1940 καταφαί

356 1950 444 1991 νεσθ
471 1950 587 2004 ἑαυτῷ
613 1949 675 1989 καὶ
701 1950 921 2018 διοιγελοίσαν

297 2063 300 2066 ,
357 2030 429 2063 τος·
461 2017 582 2073 ὀρθῶς
608 2031 677 2071 μου
703 2016 932 2095 καταφρονεῖς

354 2075 555 2135 τηλικοῦτος
583 2085 656 2133 ὧν,
683 2081 743 2120 καὶ
770 2083 844 2138 γὰρ
872 2081 919 2120 αὐ

354 2145 824 2187 ΤΟΕΕΜΑΥΤΟΥΚΑΙ.
836 2144 1040 2186 ΕΟΟΩΦΕ
1055 2173 1064 2182 .
1080 2144 1157 2184 ΟΝ

354 2213 416 2253 ΕΙ
433 2241 443 2251 .
460 2211 805 2259 ΑΙΚΑΙΜΗΓΕ
829 2240 839 2251 .
860 2240 870 2250 .
892 2240 902 2250 .
924 2240 933 2250 .
949 2209 1155 2251 ΝΕΜΑΥ

352 2270 809 2320 ΤΟΝΥΠΕΤΑΞΑΕΟΙ.

166 2343 413 2396 Neapolitani
439 2350 659 2395 utcumque
686 2343 885 2381 literarum
912 2351 1116 2379 numerum
1135 2341 1341 2392 suppleve-
