<?xml version="1.0" encoding="UTF-8"?>
<!DOCTYPE html PUBLIC "-//W3C//DTD XHTML 1.0 Transitional//EN"
    "http://www.w3.org/TR/xhtml1/DTD/xhtml1-transitional.dtd">
<html xmlns="http://www.w3.org/1999/xhtml" xml:lang="en" lang="en">
 <head>
  <title>
</title>
<meta http-equiv="Content-Type" content="text/html;charset=utf-8" />
  <meta name='ocr-system' content='tesseract 3.04.00' />
  <meta name='ocr-capabilities' content='ocr_page ocr_carea ocr_par ocr_line ocrx_word'/>
</head>
<body>
  <div class='ocr_page' id='page_1' title='image "4738083_0147.png"; bbox 0 0 1572 2801; ppageno 0'>
   <div class='ocr_carea' id='block_1_1' title="bbox 718 198 807 242">
    <p class='ocr_par' dir='ltr' id='par_1_1' title="bbox 718 198 807 242">
     <span class='ocr_line' id='line_1_1' title="bbox 718 198 807 242; baseline -0.011 0"><span class='ocrx_word' id='word_1_1' title='bbox 718 198 807 242; x_wconf 78' lang='lat'><strong>154</strong></span> 
     </span>
    </p>
   </div>
   <div class='ocr_carea' id='block_1_2' title="bbox 169 328 1402 2378">
    <p class='ocr_par' dir='ltr' id='par_1_2' title="bbox 169 328 1402 2378">
     <span class='ocr_line' id='line_1_2' title="bbox 182 328 1368 382; baseline -0.004 -9"><span class='ocrx_word' id='word_1_2' title='bbox 182 340 320 373; x_wconf 86' lang='lat' dir='ltr'><strong>contra</strong></span> <span class='ocrx_word' id='word_1_3' title='bbox 345 331 502 377; x_wconf 78' lang='grc' dir='ltr'>Θέςνλις</span> <span class='ocrx_word' id='word_1_4' title='bbox 536 344 557 369; x_wconf 85' lang='lat' dir='ltr'><strong>a</strong></span> <span class='ocrx_word' id='word_1_5' title='bbox 590 331 751 376; x_wconf 78' lang='grc' dir='ltr'>Θεςύλος</span> <span class='ocrx_word' id='word_1_6' title='bbox 761 363 778 382; x_wconf 85' lang='lat'><strong>,</strong></span> <span class='ocrx_word' id='word_1_7' title='bbox 807 328 945 372; x_wconf 80' lang='grc' dir='ltr'>Ἡδύλη</span> <span class='ocrx_word' id='word_1_8' title='bbox 974 329 1024 367; x_wconf 84' lang='lat' dir='ltr'><strong>ab</strong></span> <span class='ocrx_word' id='word_1_9' title='bbox 1052 328 1206 376; x_wconf 78' lang='grc' dir='ltr'>Ἡδύλος</span> <span class='ocrx_word' id='word_1_10' title='bbox 1236 336 1273 368; x_wconf 90' lang='lat' dir='ltr'><strong>et</strong></span> <span class='ocrx_word' id='word_1_11' title='bbox 1300 343 1368 369; x_wconf 79' lang='lat' dir='ltr'><strong>ru-</strong></span> 
     </span>
     <span class='ocr_line' id='line_1_3' title="bbox 179 394 1363 449; baseline -0.005 -9"><span class='ocrx_word' id='word_1_12' title='bbox 179 402 287 440; x_wconf 81' lang='lat' dir='ltr'><strong>stica</strong></span> <span class='ocrx_word' id='word_1_13' title='bbox 313 397 510 449; x_wconf 78' lang='lat' dir='ltr'><strong><em>Phidyle.</em></strong></span> <span class='ocrx_word' id='word_1_14' title='bbox 553 396 660 445; x_wconf 89' lang='lat' dir='ltr'><strong>Quid</strong></span> <span class='ocrx_word' id='word_1_15' title='bbox 686 395 937 434; x_wconf 89' lang='lat' dir='ltr'><strong>indoctorum</strong></span> <span class='ocrx_word' id='word_1_16' title='bbox 965 394 1180 433; x_wconf 87' lang='lat' dir='ltr'><strong>scribarum</strong></span> <span class='ocrx_word' id='word_1_17' title='bbox 1208 396 1363 448; x_wconf 50' lang='grc' dir='ltr'><strong>ορίιιίο-ἱ</strong></span> 
     </span>
     <span class='ocr_line' id='line_1_4' title="bbox 176 460 1365 513; baseline -0.004 -7"><span class='ocrx_word' id='word_1_18' title='bbox 176 479 246 505; x_wconf 87' lang='lat' dir='ltr'><strong>nes</strong></span> <span class='ocrx_word' id='word_1_19' title='bbox 276 465 519 504; x_wconf 82' lang='lat' dir='ltr'><strong>sciscitemur</strong></span> <span class='ocrx_word' id='word_1_20' title='bbox 548 462 590 499; x_wconf 90' lang='lat' dir='ltr'><strong>in</strong></span> <span class='ocrx_word' id='word_1_21' title='bbox 621 462 666 499; x_wconf 92' lang='lat' dir='ltr'><strong>iis</strong></span> <span class='ocrx_word' id='word_1_22' title='bbox 694 473 798 512; x_wconf 87' lang='lat' dir='ltr'><strong>quae</strong></span> <span class='ocrx_word' id='word_1_23' title='bbox 827 466 934 497; x_wconf 89' lang='lat' dir='ltr'><strong>certo</strong></span> <span class='ocrx_word' id='word_1_24' title='bbox 964 460 1106 498; x_wconf 89' lang='lat' dir='ltr'><strong>scimus</strong></span> <span class='ocrx_word' id='word_1_25' title='bbox 1133 461 1239 513; x_wconf 78' lang='lat' dir='ltr'><strong>ipsi?</strong></span> <span class='ocrx_word' id='word_1_26' title='bbox 1276 463 1365 511; x_wconf 88' lang='lat' dir='ltr'><strong>Quo</strong></span> 
     </span>
     <span class='ocr_line' id='line_1_5' title="bbox 177 527 1364 584; baseline -0.003 -14"><span class='ocrx_word' id='word_1_27' title='bbox 177 532 303 584; x_wconf 87' lang='lat' dir='ltr'><strong>magis</strong></span> <span class='ocrx_word' id='word_1_28' title='bbox 330 535 522 583; x_wconf 85' lang='lat' dir='ltr'><strong>appareat</strong></span> <span class='ocrx_word' id='word_1_29' title='bbox 550 541 673 580; x_wconf 89' lang='lat' dir='ltr'><strong>quam</strong></span> <span class='ocrx_word' id='word_1_30' title='bbox 697 528 787 566; x_wconf 91' lang='lat' dir='ltr'><strong>vilia</strong></span> <span class='ocrx_word' id='word_1_31' title='bbox 814 527 888 565; x_wconf 88' lang='lat' dir='ltr'><strong>sint</strong></span> <span class='ocrx_word' id='word_1_32' title='bbox 910 533 947 565; x_wconf 89' lang='lat' dir='ltr'><strong>et</strong></span> <span class='ocrx_word' id='word_1_33' title='bbox 968 529 1253 567; x_wconf 88' lang='lat' dir='ltr'><strong>contemnenda</strong></span> <span class='ocrx_word' id='word_1_34' title='bbox 1277 530 1364 580; x_wconf 88' lang='lat' dir='ltr'><strong>ple-</strong></span> 
     </span>
     <span class='ocr_line' id='line_1_6' title="bbox 176 593 1359 648; baseline -0.003 -13"><span class='ocrx_word' id='word_1_35' title='bbox 176 609 305 648; x_wconf 84' lang='lat' dir='ltr'><strong>raque</strong></span> <span class='ocrx_word' id='word_1_36' title='bbox 336 608 441 648; x_wconf 86' lang='lat' dir='ltr'><strong>quae</strong></span> <span class='ocrx_word' id='word_1_37' title='bbox 471 607 517 632; x_wconf 83' lang='lat' dir='ltr'><strong>ex</strong></span> <span class='ocrx_word' id='word_1_38' title='bbox 545 594 784 645; x_wconf 88' lang='lat' dir='ltr'><strong>quibusdam</strong></span> <span class='ocrx_word' id='word_1_39' title='bbox 813 593 1018 631; x_wconf 88' lang='lat' dir='ltr'><strong>codicibus</strong></span> <span class='ocrx_word' id='word_1_40' title='bbox 1055 601 1359 645; x_wconf 84' lang='lat' dir='ltr'><strong>expromuntur,</strong></span> 
     </span>
     <span class='ocr_line' id='line_1_7' title="bbox 178 659 1364 712; baseline -0.002 -11"><span class='ocrx_word' id='word_1_41' title='bbox 178 662 340 701; x_wconf 86' lang='lat' dir='ltr'><strong>afferam</strong></span> <span class='ocrx_word' id='word_1_42' title='bbox 383 660 607 711; x_wconf 84' lang='lat' dir='ltr'><strong>exemplum</strong></span> <span class='ocrx_word' id='word_1_43' title='bbox 649 672 695 696; x_wconf 83' lang='lat' dir='ltr'><strong>ex</strong></span> <span class='ocrx_word' id='word_1_44' title='bbox 736 659 811 696; x_wconf 93' lang='lat' dir='ltr'><strong>alio</strong></span> <span class='ocrx_word' id='word_1_45' title='bbox 850 660 1053 711; x_wconf 86' lang='lat' dir='ltr'><strong>scriptore.</strong></span> <span class='ocrx_word' id='word_1_46' title='bbox 1110 660 1158 698; x_wconf 92' lang='lat' dir='ltr'><strong>In</strong></span> <span class='ocrx_word' id='word_1_47' title='bbox 1194 661 1364 712; x_wconf 81' lang='lat' dir='ltr'><strong>Dionysii</strong></span> 
     </span>
     <span class='ocr_line' id='line_1_8' title="bbox 175 725 1365 776; baseline -0.002 -10"><span class='ocrx_word' id='word_1_48' title='bbox 175 726 527 766; x_wconf 87' lang='lat' dir='ltr'><strong>Halicarnassensis</strong></span> <span class='ocrx_word' id='word_1_49' title='bbox 553 725 757 762; x_wconf 86' lang='lat' dir='ltr'><strong>Prooemio</strong></span> <span class='ocrx_word' id='word_1_50' title='bbox 786 725 1040 776; x_wconf 84' lang='lat' dir='ltr'><strong>Antiquitatis</strong></span> <span class='ocrx_word' id='word_1_51' title='bbox 1066 726 1271 764; x_wconf 83' lang='lat' dir='ltr'><strong>Romanae</strong></span> <span class='ocrx_word' id='word_1_52' title='bbox 1308 728 1365 764; x_wconf 90' lang='lat' dir='ltr'><strong>le-</strong></span> 
     </span>
     <span class='ocr_line' id='line_1_9' title="bbox 177 790 1362 847; baseline 0 -15"><span class='ocrx_word' id='word_1_53' title='bbox 177 795 283 847; x_wconf 87' lang='lat' dir='ltr'><strong>gitur</strong></span> <span class='ocrx_word' id='word_1_54' title='bbox 328 794 415 844; x_wconf 70' lang='lat'><strong>§2</strong></span> <span class='ocrx_word' id='word_1_55' title='bbox 453 792 501 832; x_wconf 92' lang='grc' dir='ltr'>Ἡ</span> <span class='ocrx_word' id='word_1_56' title='bbox 531 790 594 843; x_wconf 90' lang='grc' dir='ltr'><strong>μὲν</strong></span> <span class='ocrx_word' id='word_1_57' title='bbox 626 791 699 847; x_wconf 78' lang='grc' dir='ltr'><strong>γὰρ</strong></span> <span class='ocrx_word' id='word_1_58' title='bbox 735 790 965 847; x_wconf 86' lang='grc' dir='ltr'>(“Ασσυρίων)</span> <span class='ocrx_word' id='word_1_59' title='bbox 1001 792 1103 847; x_wconf 85' lang='grc' dir='ltr'>α’ρχη</span> <span class='ocrx_word' id='word_1_60' title='bbox 1133 792 1274 832; x_wconf 81' lang='grc' dir='ltr'>παλαιοί</span> <span class='ocrx_word' id='word_1_61' title='bbox 1311 808 1362 839; x_wconf 91' lang='grc' dir='ltr'>τις</span> 
     </span>
     <span class='ocr_line' id='line_1_10' title="bbox 177 856 1361 914; baseline 0.001 -15"><span class='ocrx_word' id='word_1_62' title='bbox 177 856 265 899; x_wconf 75' lang='grc' dir='ltr'>οὖσα</span> <span class='ocrx_word' id='word_1_63' title='bbox 285 857 346 899; x_wconf 80' lang='grc' dir='ltr'><strong>καὶ</strong></span> <span class='ocrx_word' id='word_1_64' title='bbox 369 858 416 903; x_wconf 84' lang='grc' dir='ltr'>εἷς</span> <span class='ocrx_word' id='word_1_65' title='bbox 443 857 523 903; x_wconf 87' lang='grc' dir='ltr'>τοὺς</span> <span class='ocrx_word' id='word_1_66' title='bbox 546 856 716 909; x_wconf 65' lang='grc' dir='ltr'>μυθικοὺς</span> <span class='ocrx_word' id='word_1_67' title='bbox 743 858 942 910; x_wconf 78' lang='grc' dir='ltr'><em>ἀναγομένη</em></span> <span class='ocrx_word' id='word_1_68' title='bbox 964 859 1107 912; x_wconf 87' lang='grc' dir='ltr'>χρόνους</span> <span class='ocrx_word' id='word_1_69' title='bbox 1130 859 1246 914; x_wconf 78' lang='grc' dir='ltr'>ὀλίγον</span> <span class='ocrx_word' id='word_1_70' title='bbox 1274 861 1361 906; x_wconf 86' lang='grc' dir='ltr'>τινὸς</span> 
     </span>
     <span class='ocr_line' id='line_1_11' title="bbox 176 923 1362 984; baseline 0.002 -19"><span class='ocrx_word' id='word_1_71' title='bbox 176 927 350 984; x_wconf 78' lang='grc' dir='ltr'>ἐκράτησε</span> <span class='ocrx_word' id='word_1_72' title='bbox 389 930 452 971; x_wconf 86' lang='grc' dir='ltr'>τῆς</span> <span class='ocrx_word' id='word_1_73' title='bbox 486 923 613 969; x_wconf 86' lang='grc' dir='ltr'>Ἀσίας</span> <span class='ocrx_word' id='word_1_74' title='bbox 649 925 790 977; x_wconf 81' lang='grc' dir='ltr'>μέρους.</span> <span class='ocrx_word' id='word_1_75' title='bbox 834 924 856 965; x_wconf 81' lang='grc' dir='ltr'>ἡ</span> <span class='ocrx_word' id='word_1_76' title='bbox 892 923 935 963; x_wconf 89' lang='grc' dir='ltr'><strong>δὲ</strong></span> <span class='ocrx_word' id='word_1_77' title='bbox 971 924 1118 971; x_wconf 80' lang='grc' dir='ltr'>Μηδικὴ</span> <span class='ocrx_word' id='word_1_78' title='bbox 1155 926 1362 967; x_wconf 65' lang='grc' dir='ltr'>καθελοῦσα</span> 
     </span>
     <span class='ocr_line' id='line_1_12' title="bbox 177 989 1360 1047; baseline 0 -14"><span class='ocrx_word' id='word_1_79' title='bbox 177 996 244 1036; x_wconf 83' lang='grc' dir='ltr'><strong>την</strong></span> <span class='ocrx_word' id='word_1_80' title='bbox 283 992 484 1045; x_wconf 80' lang='grc' dir='ltr'>Ἀσσυρίων</span> <span class='ocrx_word' id='word_1_81' title='bbox 525 990 586 1028; x_wconf 82' lang='grc' dir='ltr'><strong>καὶ</strong></span> <span class='ocrx_word' id='word_1_82' title='bbox 627 989 769 1042; x_wconf 79' lang='grc' dir='ltr'>μείζονα</span> <span class='ocrx_word' id='word_1_83' title='bbox 813 989 1007 1035; x_wconf 86' lang='grc' dir='ltr'>δυνας-ειάν</span> <span class='ocrx_word' id='word_1_84' title='bbox 1052 993 1360 1047; x_wconf 84' lang='grc' dir='ltr'>(περιβαλομένη)</span> 
     </span>
     <span class='ocr_line' id='line_1_13' title="bbox 177 1055 1362 1117; baseline 0 -17"><span class='ocrx_word' id='word_1_85' title='bbox 177 1062 305 1117; x_wconf 87' lang='grc' dir='ltr'>χρόνον</span> <span class='ocrx_word' id='word_1_86' title='bbox 333 1059 373 1098; x_wconf 80' lang='grc' dir='ltr'><strong>οὐ</strong></span> <span class='ocrx_word' id='word_1_87' title='bbox 404 1055 545 1111; x_wconf 85' lang='grc' dir='ltr'>(πολὺν)</span> <span class='ocrx_word' id='word_1_88' title='bbox 574 1057 748 1108; x_wconf 81' lang='grc' dir='ltr'>κατέσχεν</span> <span class='ocrx_word' id='word_1_89' title='bbox 775 1055 858 1094; x_wconf 86' lang='grc' dir='ltr'>ἀλλ’</span> <span class='ocrx_word' id='word_1_90' title='bbox 887 1056 941 1096; x_wconf 81' lang='grc' dir='ltr'><strong>ἐπὶ</strong></span> <span class='ocrx_word' id='word_1_91' title='bbox 970 1062 1030 1102; x_wconf 79' lang='grc' dir='ltr'>τῆς</span> <span class='ocrx_word' id='word_1_92' title='bbox 1058 1060 1231 1113; x_wconf 75' lang='grc' dir='ltr'>τετάρτης</span> <span class='ocrx_word' id='word_1_93' title='bbox 1258 1076 1362 1100; x_wconf 87' lang='grc' dir='ltr'>κατε-</span> 
     </span>
     <span class='ocr_line' id='line_1_14' title="bbox 177 1121 1361 1180; baseline 0 -13"><span class='ocrx_word' id='word_1_94' title='bbox 177 1128 274 1174; x_wconf 64' lang='grc' dir='ltr'>λύθη</span> <span class='ocrx_word' id='word_1_95' title='bbox 295 1131 433 1180; x_wconf 79' lang='grc' dir='ltr'>γενεᾶς.</span> <span class='ocrx_word' id='word_1_96' title='bbox 478 1124 618 1179; x_wconf 88' lang='grc' dir='ltr'>Πέρσαι</span> <span class='ocrx_word' id='word_1_97' title='bbox 641 1121 685 1161; x_wconf 87' lang='grc' dir='ltr'><strong>δὲ</strong></span> <span class='ocrx_word' id='word_1_98' title='bbox 713 1122 743 1160; x_wconf 89' lang='grc' dir='ltr'><strong>οἱ</strong></span> <span class='ocrx_word' id='word_1_99' title='bbox 769 1121 921 1169; x_wconf 81' lang='grc' dir='ltr'><em>Μήδους</em></span> <span class='ocrx_word' id='word_1_100' title='bbox 950 1128 1276 1178; x_wconf 76' lang='grc' dir='ltr'><em>καταγωνισάμενοι</em></span> <span class='ocrx_word' id='word_1_101' title='bbox 1300 1134 1361 1174; x_wconf 80' lang='grc' dir='ltr'>τῆς</span> 
     </span>
     <span class='ocr_line' id='line_1_15' title="bbox 176 1188 1361 1249; baseline 0.002 -16"><span class='ocrx_word' id='word_1_102' title='bbox 176 1194 239 1248; x_wconf 87' lang='grc' dir='ltr'><strong>μὲν</strong></span> <span class='ocrx_word' id='word_1_103' title='bbox 276 1192 402 1236; x_wconf 90' lang='grc' dir='ltr'>Ἀσίας</span> <span class='ocrx_word' id='word_1_104' title='bbox 439 1191 554 1243; x_wconf 81' lang='grc' dir='ltr'>ὀλίγου</span> <span class='ocrx_word' id='word_1_105' title='bbox 598 1188 673 1229; x_wconf 87' lang='grc' dir='ltr'>δεῖν</span> <span class='ocrx_word' id='word_1_106' title='bbox 713 1192 830 1235; x_wconf 73' lang='grc' dir='ltr'>πάσης</span> <span class='ocrx_word' id='word_1_107' title='bbox 870 1191 1096 1238; x_wconf 83' lang='grc' dir='ltr'>τελευτῶντες</span> <span class='ocrx_word' id='word_1_108' title='bbox 1131 1192 1361 1249; x_wconf 79' lang='grc' dir='ltr'>ἐκράτησαν,</span> 
     </span>
     <span class='ocr_line' id='line_1_16' title="bbox 176 1254 1360 1315; baseline 0.001 -15"><span class='ocrx_word' id='word_1_109' title='bbox 176 1260 460 1315; x_wconf 81' lang='grc' dir='ltr'>ἐπιχειρήσαντες</span> <span class='ocrx_word' id='word_1_110' title='bbox 487 1255 531 1296; x_wconf 87' lang='grc' dir='ltr'><strong>δὲ</strong></span> <span class='ocrx_word' id='word_1_111' title='bbox 553 1254 612 1295; x_wconf 80' lang='grc' dir='ltr'><strong>καὶ</strong></span> <span class='ocrx_word' id='word_1_112' title='bbox 637 1258 709 1301; x_wconf 80' lang='grc' dir='ltr'>τοῖς</span> <span class='ocrx_word' id='word_1_113' title='bbox 742 1256 993 1313; x_wconf 81' lang='grc' dir='ltr'>(Εὐρωπαίοις)</span> <span class='ocrx_word' id='word_1_114' title='bbox 1020 1260 1154 1299; x_wconf 65' lang='grc' dir='ltr'>ἔθνεσιν</span> <span class='ocrx_word' id='word_1_115' title='bbox 1181 1261 1220 1300; x_wconf 78' lang='grc' dir='ltr'><strong>οὐ</strong></span> <span class='ocrx_word' id='word_1_116' title='bbox 1244 1263 1360 1302; x_wconf 78' lang='grc' dir='ltr'>πολλὰ</span> 
     </span>
     <span class='ocr_line' id='line_1_17' title="bbox 176 1321 1361 1380; baseline 0.003 -16"><span class='ocrx_word' id='word_1_117' title='bbox 176 1324 466 1380; x_wconf 71' lang='grc' dir='ltr'>(ὑπηγάγοντο),</span> <span class='ocrx_word' id='word_1_118' title='bbox 505 1321 665 1377; x_wconf 88' lang='grc' dir='ltr'>(χρόνον)</span> <span class='ocrx_word' id='word_1_119' title='bbox 705 1336 743 1361; x_wconf 91' lang='grc' dir='ltr'>τε</span> <span class='ocrx_word' id='word_1_120' title='bbox 772 1322 811 1361; x_wconf 83' lang='grc' dir='ltr'><strong>οὐ</strong></span> <span class='ocrx_word' id='word_1_121' title='bbox 843 1323 962 1375; x_wconf 89' lang='grc' dir='ltr'>πολλῷ</span> <span class='ocrx_word' id='word_1_122' title='bbox 999 1324 1140 1364; x_wconf 85' lang='grc' dir='ltr'>πλείονα</span> <span class='ocrx_word' id='word_1_123' title='bbox 1173 1326 1361 1368; x_wconf 81' lang='grc' dir='ltr'>διακοσίων</span> 
     </span>
     <span class='ocr_line' id='line_1_18' title="bbox 179 1388 1362 1446; baseline 0.001 -13"><span class='ocrx_word' id='word_1_124' title='bbox 179 1393 301 1446; x_wconf 84' lang='grc' dir='ltr'>(ἐτῶν)</span> <span class='ocrx_word' id='word_1_125' title='bbox 344 1388 513 1445; x_wconf 86' lang='grc' dir='ltr'>(ἔμειναν)</span> <span class='ocrx_word' id='word_1_126' title='bbox 547 1388 604 1429; x_wconf 80' lang='grc' dir='ltr'>ἐπὶ</span> <span class='ocrx_word' id='word_1_127' title='bbox 632 1394 694 1434; x_wconf 88' lang='grc' dir='ltr'>τῆς</span> <span class='ocrx_word' id='word_1_128' title='bbox 725 1390 859 1443; x_wconf 79' lang='grc' dir='ltr'>ἀρχῆς.</span> <span class='ocrx_word' id='word_1_129' title='bbox 918 1390 1047 1429; x_wconf 92' lang='lat' dir='ltr'><strong>Locus</strong></span> <span class='ocrx_word' id='word_1_130' title='bbox 1085 1406 1200 1431; x_wconf 88' lang='lat' dir='ltr'><strong>sanus</strong></span> <span class='ocrx_word' id='word_1_131' title='bbox 1231 1401 1287 1433; x_wconf 91' lang='lat' dir='ltr'><strong>est</strong></span> <span class='ocrx_word' id='word_1_132' title='bbox 1324 1403 1362 1434; x_wconf 89' lang='lat' dir='ltr'><strong>et</strong></span> 
     </span>
     <span class='ocr_line' id='line_1_19' title="bbox 170 1455 1360 1512; baseline -0.002 -12"><span class='ocrx_word' id='word_1_133' title='bbox 170 1462 342 1512; x_wconf 85' lang='lat' dir='ltr'><strong>integer:</strong></span> <span class='ocrx_word' id='word_1_134' title='bbox 373 1456 470 1495; x_wconf 90' lang='lat' dir='ltr'><strong>nihil</strong></span> <span class='ocrx_word' id='word_1_135' title='bbox 498 1461 555 1493; x_wconf 88' lang='lat' dir='ltr'><strong>est</strong></span> <span class='ocrx_word' id='word_1_136' title='bbox 588 1468 720 1507; x_wconf 89' lang='lat' dir='ltr'><strong>neque</strong></span> <span class='ocrx_word' id='word_1_137' title='bbox 747 1456 787 1492; x_wconf 91' lang='lat' dir='ltr'><strong>in</strong></span> <span class='ocrx_word' id='word_1_138' title='bbox 816 1455 1013 1493; x_wconf 84' lang='lat' dir='ltr'><strong>sententiis</strong></span> <span class='ocrx_word' id='word_1_139' title='bbox 1048 1469 1179 1508; x_wconf 89' lang='lat' dir='ltr'><strong>neque</strong></span> <span class='ocrx_word' id='word_1_140' title='bbox 1214 1459 1254 1497; x_wconf 89' lang='lat' dir='ltr'><strong>in</strong></span> <span class='ocrx_word' id='word_1_141' title='bbox 1282 1461 1360 1498; x_wconf 88' lang='lat' dir='ltr'><strong>sin·</strong></span> 
     </span>
     <span class='ocr_line' id='line_1_20' title="bbox 174 1521 1360 1579; baseline 0 -15"><span class='ocrx_word' id='word_1_142' title='bbox 174 1526 276 1579; x_wconf 89' lang='lat' dir='ltr'><strong>gulis</strong></span> <span class='ocrx_word' id='word_1_143' title='bbox 300 1523 448 1568; x_wconf 86' lang='lat' dir='ltr'><strong>verbis,</strong></span> <span class='ocrx_word' id='word_1_144' title='bbox 480 1521 592 1572; x_wconf 91' lang='lat' dir='ltr'><strong>quod</strong></span> <span class='ocrx_word' id='word_1_145' title='bbox 619 1533 701 1558; x_wconf 87' lang='lat' dir='ltr'><strong>non</strong></span> <span class='ocrx_word' id='word_1_146' title='bbox 726 1521 772 1558; x_wconf 90' lang='lat' dir='ltr'><strong>sit</strong></span> <span class='ocrx_word' id='word_1_147' title='bbox 796 1526 948 1558; x_wconf 90' lang='lat' dir='ltr'><strong>rectum</strong></span> <span class='ocrx_word' id='word_1_148' title='bbox 976 1528 1013 1559; x_wconf 88' lang='lat' dir='ltr'><strong>et</strong></span> <span class='ocrx_word' id='word_1_149' title='bbox 1038 1522 1138 1561; x_wconf 88' lang='lat' dir='ltr'><strong>bene</strong></span> <span class='ocrx_word' id='word_1_150' title='bbox 1166 1523 1360 1564; x_wconf 87' lang='lat' dir='ltr'><strong>Graecum</strong></span> 
     </span>
     <span class='ocr_line' id='line_1_21' title="bbox 172 1587 1402 1644; baseline 0.001 -14"><span class='ocrx_word' id='word_1_151' title='bbox 172 1598 241 1631; x_wconf 86' lang='lat' dir='ltr'><strong>aut</strong></span> <span class='ocrx_word' id='word_1_152' title='bbox 266 1590 461 1641; x_wconf 85' lang='lat' dir='ltr'><strong>discrepet</strong></span> <span class='ocrx_word' id='word_1_153' title='bbox 486 1587 536 1625; x_wconf 90' lang='lat' dir='ltr'><strong>ab</strong></span> <span class='ocrx_word' id='word_1_154' title='bbox 562 1587 719 1639; x_wconf 87' lang='lat' dir='ltr'><strong>ingenio</strong></span> <span class='ocrx_word' id='word_1_155' title='bbox 744 1593 782 1624; x_wconf 89' lang='lat' dir='ltr'><strong>et</strong></span> <span class='ocrx_word' id='word_1_156' title='bbox 810 1599 917 1625; x_wconf 91' lang='lat' dir='ltr'><strong>more</strong></span> <span class='ocrx_word' id='word_1_157' title='bbox 941 1588 1112 1640; x_wconf 85' lang='lat' dir='ltr'><strong>Dionysii</strong></span> <span class='ocrx_word' id='word_1_158' title='bbox 1132 1592 1193 1629; x_wconf 84' lang='lat' dir='ltr'><strong>vel</strong></span> <span class='ocrx_word' id='word_1_159' title='bbox 1218 1605 1361 1644; x_wconf 88' lang='lat' dir='ltr'><strong>aequa·</strong></span> <span class='ocrx_word' id='word_1_160' title='bbox 1400 1635 1402 1637; x_wconf 59' lang='grc'><strong>,</strong></span> 
     </span>
     <span class='ocr_line' id='line_1_22' title="bbox 173 1654 1362 1709; baseline 0.001 -14"><span class='ocrx_word' id='word_1_161' title='bbox 173 1659 285 1696; x_wconf 90' lang='lat' dir='ltr'><strong>lium.</strong></span> <span class='ocrx_word' id='word_1_162' title='bbox 328 1654 477 1693; x_wconf 88' lang='lat' dir='ltr'><strong>Deinde</strong></span> <span class='ocrx_word' id='word_1_163' title='bbox 501 1659 608 1692; x_wconf 86' lang='lat' dir='ltr'><strong>certa</strong></span> <span class='ocrx_word' id='word_1_164' title='bbox 632 1659 688 1691; x_wconf 90' lang='lat' dir='ltr'><strong>est</strong></span> <span class='ocrx_word' id='word_1_165' title='bbox 710 1654 950 1705; x_wconf 86' lang='lat' dir='ltr'><strong>singulorum</strong></span> <span class='ocrx_word' id='word_1_166' title='bbox 974 1657 1207 1695; x_wconf 87' lang='lat' dir='ltr'><strong>auctoritas:</strong></span> <span class='ocrx_word' id='word_1_167' title='bbox 1238 1671 1362 1709; x_wconf 88' lang='lat' dir='ltr'><strong>quan-</strong></span> 
     </span>
     <span class='ocr_line' id='line_1_23' title="bbox 172 1718 1361 1773; baseline 0.002 -13"><span class='ocrx_word' id='word_1_168' title='bbox 172 1723 261 1769; x_wconf 86' lang='lat' dir='ltr'><strong>tivis</strong></span> <span class='ocrx_word' id='word_1_169' title='bbox 287 1721 402 1773; x_wconf 89' lang='lat' dir='ltr'><strong>pretii</strong></span> <span class='ocrx_word' id='word_1_170' title='bbox 431 1719 634 1765; x_wconf 89' lang='lat' dir='ltr'><strong>codicem,</strong></span> <span class='ocrx_word' id='word_1_171' title='bbox 673 1731 792 1769; x_wconf 88' lang='lat' dir='ltr'><strong>quem</strong></span> <span class='ocrx_word' id='word_1_172' title='bbox 825 1720 865 1756; x_wconf 92' lang='lat' dir='ltr'><strong>in</strong></span> <span class='ocrx_word' id='word_1_173' title='bbox 896 1718 1076 1758; x_wconf 88' lang='lat' dir='ltr'><strong>Chisiana</strong></span> <span class='ocrx_word' id='word_1_174' title='bbox 1116 1721 1361 1762; x_wconf 81' lang='lat' dir='ltr'><strong>Bibliotheca</strong></span> 
     </span>
     <span class='ocr_line' id='line_1_24' title="bbox 174 1785 1363 1828; baseline -0.002 0"><span class='ocrx_word' id='word_1_175' title='bbox 174 1790 330 1828; x_wconf 85' lang='lat' dir='ltr'><strong>Romae</strong></span> <span class='ocrx_word' id='word_1_176' title='bbox 355 1787 437 1826; x_wconf 84' lang='lat' dir='ltr'><strong>vidi</strong></span> <span class='ocrx_word' id='word_1_177' title='bbox 461 1787 607 1824; x_wconf 83' lang='lat' dir='ltr'><strong>saeculi</strong></span> <span class='ocrx_word' id='word_1_178' title='bbox 629 1786 709 1823; x_wconf 86' lang='lat' dir='ltr'><strong>fere</strong></span> <span class='ocrx_word' id='word_1_179' title='bbox 735 1785 791 1823; x_wconf 88' lang='lat' dir='ltr'><strong>XI</strong></span> <span class='ocrx_word' id='word_1_180' title='bbox 815 1785 856 1822; x_wconf 92' lang='lat' dir='ltr'><strong>in</strong></span> <span class='ocrx_word' id='word_1_181' title='bbox 879 1786 1115 1825; x_wconf 86' lang='lat' dir='ltr'><strong>membranis</strong></span> <span class='ocrx_word' id='word_1_182' title='bbox 1136 1788 1363 1826; x_wconf 88' lang='lat' dir='ltr'><strong>nitidissime</strong></span> 
     </span>
     <span class='ocr_line' id='line_1_25' title="bbox 175 1852 1364 1907; baseline -0.002 -13"><span class='ocrx_word' id='word_1_183' title='bbox 175 1855 383 1907; x_wconf 89' lang='lat' dir='ltr'><strong>scriptum,</strong></span> <span class='ocrx_word' id='word_1_184' title='bbox 413 1852 604 1891; x_wconf 85' lang='lat' dir='ltr'><strong>habemus</strong></span> <span class='ocrx_word' id='word_1_185' title='bbox 626 1852 800 1890; x_wconf 88' lang='lat' dir='ltr'><strong>omnium</strong></span> <span class='ocrx_word' id='word_1_186' title='bbox 827 1858 1028 1890; x_wconf 83' lang='lat' dir='ltr'><strong>auctorem</strong></span> <span class='ocrx_word' id='word_1_187' title='bbox 1053 1866 1100 1891; x_wconf 90' lang='lat' dir='ltr'><strong>ac</strong></span> <span class='ocrx_word' id='word_1_188' title='bbox 1125 1860 1258 1891; x_wconf 88' lang='lat' dir='ltr'><strong>testem</strong></span> <span class='ocrx_word' id='word_1_189' title='bbox 1281 1855 1364 1893; x_wconf 92' lang='lat' dir='ltr'><strong>ido-</strong></span> 
     </span>
     <span class='ocr_line' id='line_1_26' title="bbox 176 1919 1363 1973; baseline 0 -12"><span class='ocrx_word' id='word_1_190' title='bbox 176 1934 307 1961; x_wconf 88' lang='lat' dir='ltr'><strong>neum.</strong></span> <span class='ocrx_word' id='word_1_191' title='bbox 350 1920 492 1972; x_wconf 89' lang='lat' dir='ltr'><strong>Itaque</strong></span> <span class='ocrx_word' id='word_1_192' title='bbox 519 1920 618 1972; x_wconf 90' lang='lat' dir='ltr'><strong>quid</strong></span> <span class='ocrx_word' id='word_1_193' title='bbox 646 1919 837 1958; x_wconf 87' lang='lat' dir='ltr'><strong>attinebat</strong></span> <span class='ocrx_word' id='word_1_194' title='bbox 865 1932 912 1957; x_wconf 82' lang='lat' dir='ltr'><strong>ex</strong></span> <span class='ocrx_word' id='word_1_195' title='bbox 939 1920 1023 1958; x_wconf 87' lang='lat' dir='ltr'><strong>aliis</strong></span> <span class='ocrx_word' id='word_1_196' title='bbox 1052 1920 1293 1973; x_wconf 84' lang='lat' dir='ltr'><strong>apographis</strong></span> <span class='ocrx_word' id='word_1_197' title='bbox 1325 1929 1363 1961; x_wconf 91' lang='lat' dir='ltr'><strong>et</strong></span> 
     </span>
     <span class='ocr_line' id='line_1_27' title="bbox 176 1986 1362 2040; baseline 0.002 -14"><span class='ocrx_word' id='word_1_198' title='bbox 176 1987 337 2030; x_wconf 85' lang='lat' dir='ltr'><strong>vetustis</strong></span> <span class='ocrx_word' id='word_1_199' title='bbox 359 1986 597 2025; x_wconf 90' lang='lat' dir='ltr'><strong>editionibus</strong></span> <span class='ocrx_word' id='word_1_200' title='bbox 619 1986 690 2024; x_wconf 88' lang='lat' dir='ltr'><strong>has</strong></span> <span class='ocrx_word' id='word_1_201' title='bbox 712 2000 839 2038; x_wconf 86' lang='lat' dir='ltr'><strong>nugas</strong></span> <span class='ocrx_word' id='word_1_202' title='bbox 858 1987 1003 2025; x_wconf 88' lang='lat' dir='ltr'><strong>criticis</strong></span> <span class='ocrx_word' id='word_1_203' title='bbox 1026 2000 1247 2040; x_wconf 85' lang='lat' dir='ltr'><strong>apponere:</strong></span> <span class='ocrx_word' id='word_1_204' title='bbox 1277 1990 1362 2028; x_wconf 80' lang='grc' dir='ltr'>ἀσυ-</span> 
     </span>
     <span class='ocr_line' id='line_1_28' title="bbox 178 2052 1365 2111; baseline 0.001 -17"><span class='ocrx_word' id='word_1_205' title='bbox 178 2056 261 2111; x_wconf 85' lang='grc' dir='ltr'>ρίων</span> <span class='ocrx_word' id='word_1_206' title='bbox 282 2076 336 2083; x_wconf 79' lang='lat'><strong>—-</strong></span> <span class='ocrx_word' id='word_1_207' title='bbox 357 2052 636 2110; x_wconf 83' lang='grc' dir='ltr'>περιβαλλομένη</span> <span class='ocrx_word' id='word_1_208' title='bbox 658 2078 711 2082; x_wconf 89' lang='grc'>-</span> <span class='ocrx_word' id='word_1_209' title='bbox 737 2053 870 2093; x_wconf 85' lang='grc' dir='ltr'>πολλὺν</span> <span class='ocrx_word' id='word_1_210' title='bbox 893 2076 947 2083; x_wconf 91' lang='grc'>-</span> <span class='ocrx_word' id='word_1_211' title='bbox 972 2054 1173 2111; x_wconf 80' lang='grc' dir='ltr'>εὑρωπαίοις</span> <span class='ocrx_word' id='word_1_212' title='bbox 1199 2068 1254 2084; x_wconf 69' lang='grc'><strong>-’-</strong></span> <span class='ocrx_word' id='word_1_213' title='bbox 1277 2054 1365 2100; x_wconf 86' lang='grc' dir='ltr'>ἐπη-</span> 
     </span>
     <span class='ocr_line' id='line_1_29' title="bbox 178 2120 1363 2176; baseline -0.001 -14"><span class='ocrx_word' id='word_1_214' title='bbox 178 2126 335 2176; x_wconf 79' lang='grc' dir='ltr'>γάγοντο</span> <span class='ocrx_word' id='word_1_215' title='bbox 347 2152 363 2172; x_wconf 87' lang='lat'><strong>,</strong></span> <span class='ocrx_word' id='word_1_216' title='bbox 391 2120 603 2173; x_wconf 77' lang='grc' dir='ltr'>ἐπιγάγοντο</span> <span class='ocrx_word' id='word_1_217' title='bbox 622 2142 676 2149; x_wconf 80' lang='lat'><strong>——</strong></span> <span class='ocrx_word' id='word_1_218' title='bbox 698 2122 835 2176; x_wconf 87' lang='grc' dir='ltr'>χρόνων</span> <span class='ocrx_word' id='word_1_219' title='bbox 861 2135 899 2159; x_wconf 92' lang='grc' dir='ltr'>τε</span> <span class='ocrx_word' id='word_1_220' title='bbox 926 2120 965 2159; x_wconf 73' lang='grc' dir='ltr'><strong>οὗ</strong></span> <span class='ocrx_word' id='word_1_221' title='bbox 992 2120 1113 2175; x_wconf 89' lang='grc' dir='ltr'>πολλῷ</span> <span class='ocrx_word' id='word_1_222' title='bbox 1137 2121 1253 2160; x_wconf 83' lang='grc' dir='ltr'>πλεῖον</span> <span class='ocrx_word' id='word_1_223' title='bbox 1280 2120 1363 2161; x_wconf 85' lang='grc' dir='ltr'>δια-</span> 
     </span>
     <span class='ocr_line' id='line_1_30' title="bbox 174 2185 1366 2240; baseline -0.001 -13"><span class='ocrx_word' id='word_1_224' title='bbox 174 2188 303 2227; x_wconf 84' lang='grc' dir='ltr'>κοσίων</span> <span class='ocrx_word' id='word_1_225' title='bbox 343 2190 505 2240; x_wconf 81' lang='grc' dir='ltr'>ἔμειναν,</span> <span class='ocrx_word' id='word_1_226' title='bbox 546 2187 587 2223; x_wconf 91' lang='lat' dir='ltr'><strong>in</strong></span> <span class='ocrx_word' id='word_1_227' title='bbox 628 2198 711 2237; x_wconf 88' lang='lat' dir='ltr'><strong>quo</strong></span> <span class='ocrx_word' id='word_1_228' title='bbox 751 2185 934 2223; x_wconf 86' lang='lat' dir='ltr'><strong>Graeculi</strong></span> <span class='ocrx_word' id='word_1_229' title='bbox 970 2186 1149 2223; x_wconf 84' lang='lat' dir='ltr'><strong>fraudem</strong></span> <span class='ocrx_word' id='word_1_230' title='bbox 1189 2189 1366 2238; x_wconf 85' lang='lat' dir='ltr'><strong>agnoscis</strong></span> 
     </span>
     <span class='ocr_line' id='line_1_31' title="bbox 171 2253 1364 2310; baseline -0.002 -16"><span class='ocrx_word' id='word_1_231' title='bbox 171 2255 439 2300; x_wconf 84' lang='lat' dir='ltr'><strong>manifestam,</strong></span> <span class='ocrx_word' id='word_1_232' title='bbox 472 2253 541 2305; x_wconf 91' lang='lat' dir='ltr'><strong>qui</strong></span> <span class='ocrx_word' id='word_1_233' title='bbox 568 2266 693 2304; x_wconf 90' lang='lat' dir='ltr'><strong>quum</strong></span> <span class='ocrx_word' id='word_1_234' title='bbox 718 2253 903 2304; x_wconf 84' lang='lat' dir='ltr'><strong>aequales</strong></span> <span class='ocrx_word' id='word_1_235' title='bbox 928 2255 1048 2310; x_wconf 83' lang='grc' dir='ltr'>χρόνοι</span> <span class='ocrx_word' id='word_1_236' title='bbox 1072 2266 1145 2305; x_wconf 85' lang='lat' dir='ltr'><strong>pro</strong></span> <span class='ocrx_word' id='word_1_237' title='bbox 1171 2256 1231 2300; x_wconf 85' lang='grc' dir='ltr'><strong>ἔτη</strong></span> <span class='ocrx_word' id='word_1_238' title='bbox 1258 2267 1364 2293; x_wconf 91' lang='lat' dir='ltr'><strong>usur-</strong></span> 
     </span>
     <span class='ocr_line' id='line_1_32' title="bbox 169 2319 1362 2378; baseline 0.001 -19"><span class='ocrx_word' id='word_1_239' title='bbox 169 2334 266 2375; x_wconf 82' lang='lat' dir='ltr'><strong>pare</strong></span> <span class='ocrx_word' id='word_1_240' title='bbox 292 2320 460 2359; x_wconf 88' lang='lat' dir='ltr'><strong>solerent</strong></span> <span class='ocrx_word' id='word_1_241' title='bbox 497 2325 533 2358; x_wconf 86' lang='lat' dir='ltr'><strong>et</strong></span> <span class='ocrx_word' id='word_1_242' title='bbox 573 2319 689 2358; x_wconf 87' lang='lat' dir='ltr'><strong>semel</strong></span> <span class='ocrx_word' id='word_1_243' title='bbox 722 2320 858 2374; x_wconf 88' lang='grc' dir='ltr'>χρόνων</span> <span class='ocrx_word' id='word_1_244' title='bbox 884 2334 959 2373; x_wconf 92' lang='lat' dir='ltr'><strong>pro</strong></span> <span class='ocrx_word' id='word_1_245' title='bbox 991 2322 1113 2378; x_wconf 81' lang='grc' dir='ltr'>χρόνον</span> <span class='ocrx_word' id='word_1_246' title='bbox 1149 2322 1362 2375; x_wconf 85' lang='lat' dir='ltr'><strong>scripsisset</strong></span> 
     </span>
    </p>
   </div>
  </div>
 </body>
</html>
