1572 2801
747 173 806 218 84

179 312 273 351 νῡσω
299 310 484 346 latentem
511 307 613 345 eruit
640 304 916 342 Marklandus:
946 305 997 356 μὴ
1028 307 1122 342 συνῶ
1147 302 1294 354 (ξυνῶ),
1326 311 1370 343 ut

178 376 301 428 paulo
329 381 440 412 ante:
471 373 533 413 οὐκ
555 372 622 412 οἶδ’
646 374 665 410 ὅ
686 385 717 410 τι
735 371 1008 422 ζημιωθήσομαι
1034 370 1085 422 μὴ
1113 368 1226 416 ξυνὼν
1256 370 1338 423 ὑμῖν
1348 402 1365 421 ,

181 440 248 478 ubi
268 439 520 477 scribendum
535 445 590 476 est
612 438 662 475 de
684 448 792 474 more
814 434 1035 473 Atticorum
1059 438 1080 473 ὅ
1097 450 1131 474 τι
1150 437 1209 475 καὶ
1235 443 1365 490 ζημιω-

180 508 357 560 θήσομαι.
389 505 603 544 Ostendam
626 506 797 557 primum
820 516 945 541 unum
968 509 1006 541 et
1026 503 1192 541 alterum
1212 503 1364 549 locum,

180 573 287 610 unde
313 573 420 609 fraus
449 577 719 608 correctorum
744 570 1013 620 antiquiorum
1037 575 1195 621 pateat,
1225 568 1368 608 deinde

175 639 281 676 illius
306 636 627 687 interpolationes
653 647 838 686 arguam,
869 635 941 685 qui
965 635 1189 673 Bekkerum
1212 634 1370 672 et-alios

177 702 353 752 decepit.
386 701 432 738 ln
459 701 638 739 oratione
659 699 748 754 ὑπὲρ
776 703 837 738 τοῦ
866 698 1049 738 ἀδυνάτου
1069 713 1162 751 pag.
1182 698 1258 737 168
1272 698 1370 751 (412

180 766 328 816 Bekk.)
370 766 533 817 legitur:
573 765 638 805 διὰ
668 766 741 821 γὰρ
776 764 878 805 οὐδὲν
910 765 999 805 ἄλλο
1030 781 1088 818 μοι
1117 764 1220 805 δοκεῖ
1247 776 1373 820 παρα-“

179 835 349 871 σκευάσαι
380 831 481 871 τόνδε
510 848 567 885 Ιμοι
597 832 655 872 τὸν
686 831 845 871 κίνδυνον
874 829 972 877 οὗτος
1004 833 1026 875 ἢ
1059 831 1125 871 διὰ
1156 832 1288 888 φθάνον.
1318 853 1372 860 --

180 899 211 938 εἰ
232 899 295 952 μὲν
316 900 389 954 γὰρ
416 902 617 954 χρημάτων
643 901 745 939 ἕνεκα
757 931 773 951 ,
803 902 1040 954 συκοφαντεῖ,
1069 898 1151 938 εἶδ’
1173 899 1220 944 ὡς
1238 897 1372 954 ἐχθρὸν
1403 894 1410 900 ’

178 967 305 1005 ἑαυτοῦ
336 981 381 1018 με
422 967 652 1017 τιμωρεῖται,
690 963 877 1017 ψεύδεται.
910 964 976 1003 διὰ
1013 965 1087 1019 γάρ
1113 966 1178 1007 τὴν
1205 965 1371 1020 πονηρίαν

179 1032 290 1070 αὐτοῦ
318 1025 451 1082 (scrib.
482 1031 547 1071 τὴν
574 1030 699 1080 αὐτοῦ)
734 1031 813 1068 οὔτε
841 1029 936 1084 φίλῳ
965 1029 1036 1069 οὔτ’
1068 1030 1197 1085 ἐχθρῷ
1227 1032 1369 1071 πώποτε

177 1095 392 1150 ἐχρησάμην
420 1095 535 1149 αὐτῷ.
566 1108 672 1146 quae
699 1108 821 1146 quam
850 1095 1021 1133 absurda
1051 1096 1127 1133 sint
1152 1096 1250 1133 nihil
1278 1097 1369 1134 atti-

178 1168 246 1200 net
272 1161 489 1199 ostendere.
532 1160 704 1198 Solemni
738 1172 868 1198 errore
906 1161 1070 1199 confusa
1105 1167 1195 1199 sunt
1221 1162 1262 1199 in
1289 1162 1368 1201 hoc

175 1228 289 1272 loco,
322 1233 365 1264 ut
392 1227 535 1278 passim
563 1226 674 1272 alibi,
705 1225 744 1265 οὐ
766 1232 803 1264 et
827 1226 857 1265 εἰ
867 1258 884 1278 ,
911 1226 987 1266 οὐδ’
1015 1233 1053 1265 et
1076 1227 1105 1266 εἰ
1132 1225 1168 1266 δ’
1192 1234 1229 1265 et
1252 1228 1369 1267 facile

175 1291 332 1329 vincam
348 1291 546 1342 scripsisse
568 1296 786 1329 oratoremz
816 1291 855 1330 οὐ
875 1291 939 1344 μὲν
960 1293 1032 1348 γὰρ
1054 1296 1252 1348 χρημάτων
1269 1296 1368 1333 ἕνεκα

178 1357 394 1411 συκοφαντεῖ
415 1354 491 1394 οὐδ’
517 1356 564 1400 ὡς
587 1354 721 1410 ἐχθρὸν
742 1355 870 1395 ἑαυτοῦ
893 1372 937 1411 με
960 1360 1178 1413 τιμωρεῖται.
1207 1357 1271 1397 διὰ
1295 1360 1369 1415 γὰρ

177 1425 241 1465 τὴν
257 1424 422 1477 πονηρίαν
441 1424 503 1464 τὴν
521 1422 630 1461 αὐτοῦ
651 1422 727 1461 κτὲ.
754 1422 823 1459 ubi
845 1436 970 1473 quum
993 1424 1109 1461 semel
1136 1424 1165 1462 εἰ
1190 1426 1254 1477 μέν
1275 1431 1313 1463 et
1336 1426 1367 1464 εἷ

178 1487 221 1527 δέ
243 1489 433 1539 scriptum
461 1494 556 1525 esset
582 1488 803 1538 suspicatus
827 1488 969 1540 aliquis
994 1489 1153 1526 alteram
1175 1490 1368 1542 apodosin

177 1555 327 1605 requiri
350 1555 558 1592 infeliciter
584 1553 753 1606 ψεύδεται
775 1553 955 1599 inseruit,
981 1554 1092 1592 haud
1114 1567 1226 1592 secus
1247 1561 1369 1606 atque

177 1622 321 1672 κάμνειν
357 1620 478 1657 modo
513 1619 680 1658 vidimus
717 1619 896 1670 Euripidi
931 1618 1147 1657 obtrusum.
1205 1619 1368 1659 Gravius

176 1686 303 1738 multo
346 1685 510 1723 affectus
543 1692 599 1723 est
639 1686 750 1722 locus
785 1685 826 1722 in
867 1685 1045 1723 oratione
1077 1686 1174 1724 κατὰ
1211 1685 1367 1731 Φίλωνος

178 1765 220 1801 p.
251 1749 341 1787 188.
374 1749 472 1800 (462
508 1749 655 1800 Bekk.)
697 1745 796 1793 οὗτος
831 1749 940 1787 τοίνυν
972 1748 1041 1801 οὐχ
1071 1752 1165 1794 ὅπως
1194 1750 1369 1805 ὠφελῆσαι

185 1818 248 1857 τὴν
281 1815 381 1855 πόλιν
408 1814 443 1853 ἓν
468 1816 612 1869 τοιούτῳ
642 1819 753 1870 καιρῷ
786 1814 846 1854 καὶ
881 1816 1024 1869 τοιαύτῃ
1060 1819 1263 1861 κατας-άσει
1293 1815 1368 1856 διε-

184 1883 297 1925 νοήθη
319 1880 403 1918 ἀλλ’
420 1885 512 1928 ὅπως
542 1897 574 1921 τι
598 1882 773 1937 κερδαίνοι
799 1882 871 1922 ἀπὸ
897 1886 967 1935 τῶν
990 1881 1166 1939 ὑμετέρων
1183 1889 1370 1940 συμφορῶν

184 1952 503 2005 παρεσκευάσατο,
532 1951 574 1988 in
601 1962 684 2001 quo
717 1951 817 1996 hoc,
847 1950 1009 2001 opinor,
1041 1950 1289 1988 manifestum
1314 1958 1370 1990 est

184 2017 253 2069 οὐχ
280 2019 374 2061 ὅπως
402 2029 423 2054 e
453 2027 563 2053 more
589 2014 722 2051 Attico
750 2026 824 2065 pro
847 2028 932 2052 non
959 2019 1122 2053 tantum
1151 2029 1234 2053 non
1262 2017 1368 2067 posi-

182 2089 267 2121 tum
295 2082 472 2120 fefellisse
506 2080 724 2125 hominem,
765 2080 993 2131 praesertim
1030 2094 1157 2132 quum
1191 2080 1369 2136 ὠφελῆσαι

184 2154 281 2186 noto
305 2160 434 2185 errore
457 2159 531 2197 pro
551 2145 708 2200 ὠφέλησε
730 2146 921 2196 scriptum
945 2152 1059 2192 esset,
1092 2145 1197 2183 unde
1220 2146 1373 2198 liquido

183 2217 352 2265 apparet
392 2209 554 2249 verbum
595 2208 761 2253 διενοήθη
798 2210 925 2249 eidem
971 2211 1177 2250 temeritati
1217 2213 1370 2260 deberi,

187 2290 270 2330 qua
301 2277 504 2328 superiora
543 2276 758 2328 depravata
785 2288 866 2314 esse
892 2276 1166 2327 comperimus.
1210 2279 1378 2319 Videtur
