1572 2801
747 163 805 206 74

162 301 262 341 ἀλλὰ
294 299 381 351 ὁμοῦ
411 295 478 337 σὺν
508 297 607 336 παισὶ
639 295 700 337 καὶ
730 294 887 350 γυναιξὶν
914 296 1097 349 ὁμακοεῖον
1132 296 1360 354 ἱδρυσάμενοι

164 390 217 399 --
243 367 469 423 παρέμειναν.
523 363 804 416 Supplendum
832 376 854 402 e
883 363 1148 403 Laurentiano
1189 364 1352 403 codice:

159 435 404 487 ἐνεσχέθησαν
431 432 712 488 αἱρεθέντες
738 427 878 469 αὐτοὶ
914 431 1039 468 κατὰ
1077 433 1251 487 κράτος
1284 432 1353 470 οὕ-

166 515 255 546 τως
293 504 386 545 ὥςε
425 498 584 537 οὐκέτι
623 496 790 537 οἴκαδε
830 497 1083 542 ἀπές-ησαν
1125 496 1208 536 ἀλλ’
1250 498 1351 549 ὁμοῦ.

161 568 237 606 Hic
261 576 427 619 quoque
445 563 558 612 *oculi
582 562 837 600 describentis
858 562 1091 600 aberrarunt
1120 561 1172 599 ad
1194 562 1358 600 similem

162 633 331 670 formam
366 630 586 681 ἀπέςησαν,
614 628 686 680 qui
723 640 834 666 error
872 642 996 680 quam
1024 628 1141 667 facile
1177 628 1357 666 commit-

162 703 271 735 tatur
297 702 444 736 norunt
468 707 604 734 omnes
642 694 713 746 qui
742 694 903 733 codices
940 695 1014 746 ipsi
1050 694 1355 745 descripserunt.

164 763 305 814 Neque
344 761 446 800 adeo
486 760 751 799 recentiorum
788 760 830 798 in
876 772 923 798 eo
971 773 1113 814 genere
1156 759 1356 813 diligentia

165 831 283 881 longe
307 835 468 880 superat
493 827 674 866 librarios
697 833 870 873 veteres,
899 841 1073 879 quorum
1095 833 1295 877 stuporem
1319 832 1357 864 et

166 894 360 936 inscitiam
374 894 499 931 solent
520 892 717 930 insectari.
745 892 992 930 Documento
1006 905 1086 930 esse
1104 898 1233 943 potest
1246 892 1358 929 locus

167 960 388 999 Charitonis
402 973 442 1010 p.
463 956 540 996 104
556 956 622 995 ubi
640 956 846 996 Dorvillius
868 958 1013 997 edidit:
1040 960 1147 1000 ἅπιὲι
1169 957 1229 997 καὶ
1252 957 1357 998 Καλ·

163 1025 306 1082 λιρρόην
327 1028 408 1077 ἄγε.
435 1023 485 1068 ὡς
505 1022 550 1062 δέ
573 1037 626 1061 σοι
651 1025 851 1078 προςοίσσω
879 1025 928 1075 μὴ
950 1027 1109 1063 ἄκουσαν
1135 1029 1224 1079 μήτε
1252 1039 1356 1081 φανε-

167 1097 254 1147 ρῶς.
274 1092 373 1132 θέλω
398 1093 473 1145 γάρ
499 1104 542 1130 σε
565 1088 626 1129 καὶ
644 1091 762 1130 πεῖσαι
787 1088 847 1129 καὶ
874 1090 1019 1131 λαθεῖν.
1053 1091 1161 1138 εὐθὺς
1188 1088 1244 1132 οὖν
1266 1093 1357 1132 ἀνα-

167 1159 331 1201 κλητικὸν
353 1173 396 1201 ας
417 1162 469 1210 τῷ
488 1156 631 1208 βασιλεῖ
649 1156 824 1212 εὐχαίρων
848 1158 895 1201 ὡς
915 1158 954 1197 τὸ
975 1158 1196 1215 Καλλιρρόης
1215 1160 1357 1214 θήραμα

167 1226 343 1279 θηράσας.
373 1235 495 1274 quem
527 1222 660 1260 locum
697 1223 843 1260 nemini
874 1224 1059 1262 suaserim
1088 1230 1130 1262 ut
1157 1226 1358 1263 restituere

166 1297 348 1329 conetur.
388 1288 522 1327 Codex
550 1288 690 1325 unicus
714 1287 814 1326 haec
841 1288 981 1327 habet:
1010 1288 1095 1329 δύο
1122 1290 1164 1330 δέ
1190 1306 1244 1331 σοι
1267 1307 1357 1347 προ-

165 1360 315 1403 ςοὶσσω.
344 1378 397 1384 -·
427 1353 536 1399 εὐθὺς
572 1348 631 1392 οὖν
670 1353 906 1397 ἀνακλητικὸν
947 1361 1026 1401 τῆς
1065 1356 1211 1411 θήρας
1256 1359 1358 1397 σύν-

167 1426 300 1477 θημα
344 1420 552 1462 διεδόθη
598 1419 678 1460 καὶ
727 1424 905 1467 πάντες
947 1423 1220 1478 ἀνέςρεφον.
1273 1425 1359 1463 Βα-

167 1489 325 1535 σιλεὺς
374 1486 427 1526 δὲ
476 1487 803 1541 ἀνηρτημένος
850 1490 957 1532 ταῖς
1004 1487 1189 1529 ἐλπίσιν
1238 1489 1359 1531 εἰσή-

172 1555 342 1595 λαυνεν
374 1552 421 1598 εἷς
446 1553 495 1592 τὰ
517 1552 687 1604 βασίλεια
717 1555 860 1607 χαίρων
887 1555 935 1600 ὡς
958 1555 997 1594 τὸ
1020 1555 1189 1599 κα’λλις-ον
1214 1556 1358 1610 θήραμα

169 1622 344 1675 θηράσας.
384 1618 726 1670 praeterviderunt
768 1632 890 1656 unum
929 1633 1083 1658 versum
1126 1626 1165 1657 et
1205 1621 1359 1671 reliqua

165 1688 263 1739 quia
295 1685 511 1736 intelligere
538 1697 619 1722 non
656 1690 841 1736 poterant
872 1698 946 1724 nec
982 1687 1111 1738 legere
1142 1692 1249 1724 recte
1285 1698 1359 1736 po-

168 1757 341 1791 tuerunt.
384 1750 564 1795 Addam,
596 1750 692 1801 quia
721 1750 898 1802 lepidum
927 1757 1002 1798 est,
1033 1752 1199 1790 alterum
1230 1764 1360 1789 exem·

167 1818 281 1870 plum
301 1816 564 1868 negligentiae
590 1817 631 1854 in
658 1816 796 1855 eodem
822 1817 974 1856 codice.
1004 1833 1046 1870 p.
1075 1817 1150 1855 115
1172 1818 1357 1869 legimus:

170 1882 371 1935 κατέλαβον
406 1881 449 1921 δὲ
487 1884 550 1925 τὴν
586 1883 741 1936 ςρατιὰν
776 1881 832 1922 ἐπὶ
862 1887 914 1935 τῷ
939 1887 1094 1936 ποταμῷ
1122 1882 1181 1923 καὶ
1210 1883 1360 1938 προσμί-

170 1950 293 1998 ξαντες
321 1951 393 1994 τοῖς
420 1946 691 2004 ὀρνιθοφύλαξιν
720 1947 953 1990 ἠκολούθουν.
1006 1949 1216 1987 Dorvillius
1252 1955 1360 2001 post-

169 2029 294 2068 quam
320 2017 438 2054 docte
463 2015 670 2053 illustravit
694 2015 886 2052 rationem
916 2020 954 2051 et
980 2026 1092 2053 usum
1119 2020 1190 2054 τῶν
1218 2016 1358 2071 ὀρνιθο-

168 2082 345 2141 φυλοὶκων
375 2082 417 2120 in
443 2081 579 2120 castris
601 2079 764 2119 Persicis
788 2079 1011 2133 subiungit:
1043 2079 1195 2131 »Quod
1220 2083 1262 2119 ει·
1288 2095 1362 2120 nec

168 2154 233 2190 ita
258 2149 530 2205 ὀρνιθοφύλακες
555 2148 774 2199 placeant,
805 2160 957 2199 posses
985 2146 1262 2203 ὀπισθοφύλαξι,
1288 2150 1363 2201 qui

170 2219 333 2257 notia‘n
359 2229 406 2255 re
432 2214 614 2253 militari
639 2218 679 2252 et
703 2212 948 2251 contendere
968 2226 1123 2266 parum
1151 2214 1267 2253 abire
1293 2215 1359 2252 in·

170 2286 318 2330 vicem,
339 2285 382 2322 si
402 2282 541 2321 literis
562 2278 809 2323 maiusculis
827 2278 1071 2319 scribantur
1091 2278 1360 2336 ὀπισθοφύλαξιν
