1572 2801
740 197 797 241 89

159 333 293 386 colligi
330 336 537 384 poterunt,
582 345 629 371 ex
668 330 814 383 quibus
853 342 984 383 pauca
1025 330 1223 370 delibabo.
1289 331 1337 369 In

162 399 339 437 oratione
371 399 457 455 ὑπὲρ
491 405 560 440 τῶν
594 399 845 454 Ἀρις-οφοὶνους
879 402 1081 452 χρημάτων
1122 413 1212 451 pag.
1246 398 1335 437 154.

165 464 272 516 (375.
302 464 367 517 Β.)
398 470 458 506 τοῦ
482 466 636 522 ἀδελφοῦ
661 469 723 505 τοῦ
750 465 962 520 ὁμοπατρίου
989 465 1217 516 ἀποκειμένας
1248 465 1334 520 παρ’

162 530 260 583 αὑτῷ
290 536 556 586 τετταράκοντα
588 539 677 585 μναῖς
712 532 850 570 εἰπὼν
886 534 1167 586 κατεχρήσατο,
1196 537 1339 568 temere

160 597 312 648 scripsit
338 597 461 650 λαβών
483 609 608 647 quum
634 598 727 648 ἔχων
736 626 752 646 ,
781 595 942 646 opinor,
975 597 1090 632 unice
1116 597 1163 632 sit
1190 608 1336 633 verum.

158 660 251 714 Pag.
283 661 359 701 186
384 662 481 714 (457
507 662 572 712 Β.)
598 660 693 714 ὑμᾶς
724 660 766 701 δὲ
788 661 969 715 τοσούτους
995 663 1095 707 ὄντας
1124 661 1185 700 καὶ
1212 659 1337 704 ἠδικη-

161 728 281 779 μένους
320 726 387 765 ὑπὸ
426 729 548 767 τούτου
585 731 798 774 ζητήσουσιν
839 727 887 771 ὡς
929 727 968 766 οὐ
1007 742 1079 781 χρη
1116 726 1218 769 δίκην
1253 728 1338 783 παρ’

161 793 269 832 αὐτοῦ
286 792 498 845 λαμβάνειν,
521 795 715 845 rescripsit
734 797 916 845 ζητοῦσιν,
938 794 1048 844 quod
1071 793 1172 830 male
1193 795 1342 845 recepit

160 859 385 900 Bekkerus,
414 873 506 897 nam
533 861 772 897 contrarium
801 866 857 897 est
880 860 1115 903 sententiae,
1146 873 1250 910 quae
1280 873 1342 897 re·

160 924 281 975 quirit
316 923 511 971 futurum;
555 924 806 962 scribendum
843 931 946 961 erat:
985 929 1172 971 ζητήσουσι
1209 926 1341 963 πείθειν

161 990 208 1035 ὡς
232 990 271 1029 οὐ
300 994 372 1043 χρή
399 988 475 1027 κτὲ.
507 1002 611 1039 quae
638 990 909 1040 perfamiliaris
934 989 1071 1027 Atticis
1095 991 1243 1027 locutio
1270 996 1338 1028 est.

158 1055 243 1094 fieri
284 1061 410 1107 potest
440 1060 482 1092 ut
516 1053 1035 1094 ZHTHCOYCHIEIQEIN
1071 1055 1248 1093 librarios
1283 1057 1341 1093 se-

157 1121 317 1158 fellerit:
348 1126 388 1157 at
409 1120 575 1157 certiora
601 1120 650 1156 de
677 1132 816 1168 genere
843 1119 920 1155 hoc
945 1119 1111 1155 arbitror
1132 1119 1279 1157 haecce
1301 1135 1340 1171 p.

161 1186 236 1224 125
262 1184 359 1236 (302
384 1184 448 1234 Β.)
475 1189 542 1223 ποῦ
561 1184 706 1223 κάλλιον
729 1184 773 1222 ἂν
795 1182 835 1226 ἦν
862 1184 964 1233 (dele
985 1185 1044 1233 ἄν)
1071 1183 1175 1238 ἀνδρὶ
1196 1187 1341 1237 ἄρχοντι

157 1252 180 1294 ἢ
223 1249 481 1306 Θρασυβούλου
524 1250 647 1293 Φυλὴν
685 1249 931 1304 κατειληφότος
978 1249 1051 1287 τότ’
1091 1248 1341 1297 ἐπιδείξασθαι

159 1320 221 1361 τὴν
239 1318 347 1358 αὐτοῦ
369 1319 579 1370 συνουσιάν,·
607 1318 673 1356 ubi
701 1316 1113 1357 ΑΥΤΟΥΕΥΝΟΙΑΝ
1138 1318 1253 1354 unice
1278 1331 1341 1355 ve-

160 1398 248 1423 rum
281 1397 361 1422 esse
389 1385 576 1430 arbitror,
607 1391 649 1421 ut
675 1399 715 1435 p.
741 1384 815 1434 149
843 1382 938 1434 (365
955 1383 1018 1432 B.)
1042 1382 1247 1429 ἐπεδείξατο
1276 1386 1339 1426 τὴν

158 1454 286 1490 εὔνοιαν
306 1457 343 1487 et
366 1450 470 1487 alibi.
508 1449 608 1487 Satis
629 1456 781 1487 eertum
805 1449 926 1486 credo
950 1449 1065 1486 etiam
1091 1450 1167 1487 hoc
1191 1464 1231 1501 p.
1253 1451 1338 1489 155.

159 1516 258 1568 (378
289 1517 354 1563 Β.)
389 1518 439 1555 ἔτι
476 1515 518 1555 δὲ
551 1521 729 1571 φαίνονται
766 1514 867 1554 οὐδὲν
901 1516 1044 1554 πώποτε
1075 1514 1339 1569 διενεχθέντες,

159 1582 226 1627 ὦς’
258 1582 345 1626 εἰκὸς
385 1580 445 1619 καὶ
475 1581 550 1635 περὶ
586 1587 655 1620 τῶν
693 1584 894 1637 χρημάτων
929 1581 1045 1620 ταύτὰ
1072 1587 1199 1632 γνῶναι
1235 1584 1340 1622 ἱκανὰ

157 1647 222 1701 μὲν
247 1646 364 1686 ἐνθάὸ
366 1662 382 1685 ε
406 1651 458 1699 τῷ
487 1647 555 1685 υἱεῖ
578 1646 744 1702 ἑκάτερον
773 1645 978 1684 καταλιπεῖν
1002 1646 1048 1683 τὰ
1068 1645 1105 1684 δ’
1125 1647 1221 1685 ἄλλα
1252 1649 1340 1702 παρ’

158 1714 277 1759 αὐτοῖς
294 1716 398 1766 ἔχειν.
428 1712 643 1763 asyndeton
667 1711 760 1749 hnic
786 1712 874 1748 loco
901 1723 981 1748 non
1005 1713 1204 1757 convenit,
1236 1715 1341 1752 unde

156 1782 250 1821 olim
283 1780 451 1818 arbitror
476 1778 664 1829 scriptum
694 1778 827 1815 fuisse:
857 1776 1339 1821 rNssNAlKAlTAMEN

153 1849 303 1903 (γνῶναι
330 1845 391 1886 καὶ
419 1845 466 1885 τὰ
495 1843 573 1897 μέν)
603 1850 640 1881 et
665 1844 825 1881 fortasse
852 1845 951 1896 σχεῖν
973 1855 1045 1894 pro
1067 1846 1178 1896 ἔχεινε
1209 1848 1340 1897 sequi-

157 1921 242 1953 tur:
270 1916 415 1968 ἡγοῦντο
444 1910 488 1950 δὲ
510 1910 570 1950 καὶ
599 1911 647 1949 τὰ
672 1909 748 1950 ἐκεῖ
770 1913 865 1963 ὅμως
890 1911 1005 1965 σφίσιν
1029 1911 1114 1949 εἶναι
1133 1911 1193 1949 ἴσα
1218 1917 1340 1968 ὥσπερ

159 1980 219 2020 καὶ
255 1981 303 2019 τὰ
340 1977 502 2028 ἐνθάδε,
545 1978 623 2014 imo
665 1989 775 2014 vero:
813 1977 935 2029 ὁμοίως
977 1976 1091 2030 σφίσιν
1126 1977 1340 2018 EINAICA

164 2047 264 2099 (εἶναι
292 2045 384 2096 σᾶ),
421 2043 533 2095 quod
560 2042 733 2081 Atticum
770 2048 826 2080 est
863 2055 936 2094 pro
965 2046 1070 2085 σῶα.
1109 2048 1151 2080 ut
1187 2044 1226 2081 in
1263 2045 1341 2082 fra-

152 2118 309 2165 gmento
337 2107 535 2160 Euripidis
557 2107 666 2158 apud
691 2107 882 2146 Valcken.
914 2108 1033 2144 Diatr.
1066 2122 1106 2158 p.
1133 2109 1227 2146 214.

369 2179 507 2229 εὔσημα
534 2173 594 2214 καὶ
625 2181 675 2214 oo?
703 2173 764 2213 καὶ
793 2174 1141 2230 κατεσφραγισμένα.

155 2244 302 2282 Eodem
333 2244 452 2282 modo
479 2246 552 2281 σῶν
576 2242 741 2280 feliciter
768 2241 905 2291 Lysiae
932 2241 1102 2285 reddidit
1140 2248 1339 2280 corrector

157 2309 305 2349 codicis
340 2310 383 2348 C.
418 2326 458 2363 p.
492 2309 566 2348 160
603 2308 710 2363 (391.
750 2308 815 2359 Β.)
849 2310 914 2353 ἕως
947 2307 986 2347 τὸ
1013 2308 1232 2363 ςρατόπεδον
1262 2316 1336 2350 σῶν
