1572 2801
741 194 799 239 85

174 327 339 365 lentiore
358 328 550 367 medicina
576 331 703 368 sanari
718 342 831 381 posse
844 328 1086 375 viderentur,
1117 332 1276 367 exortus
1297 332 1355 366 eet

175 393 389 432 Graeculus
416 395 575 447 aliquis,
610 397 681 449 qui
709 396 841 434 denuo
867 394 1058 433 audacter
1082 392 1280 446 quidquid
1305 392 1356 430 li-

175 459 315 498 buerat
343 462 509 514 vulgatis
535 458 770 501 lectionibus
797 461 1013 507 substituit,
1043 461 1099 499 nil
1125 461 1269 499 veritus
1295 472 1358 499 re-

174 535 307 562 secare
330 526 358 563 si
381 527 480 577 quid
506 528 673 565 otiosum
697 532 875 578 putaret,
900 525 1046 563 addere
1069 525 1120 562 de
1145 537 1215 562 suo
1242 524 1358 576 quid-

175 591 274 641 quid
301 593 508 630 commode
532 593 624 630 addi
650 605 762 645 posse
785 592 1018 629 existimaret
1036 596 1075 629 et
1096 601 1356 642 quocumque

174 655 293 692 modo
325 661 586 707 propagatam
621 669 643 693 e
674 655 948 694 vetustior-ibus
978 655 1086 692 libris
1119 656 1358 705 scripturam

176 720 236 757 vel
259 721 314 756 sic
343 722 435 758 satis
453 723 555 759 male
580 721 756 759 habitam
776 721 886 758 novis
906 720 1102 759 erroribus
1124 718 1355 771 depravare.

173 783 417 834 scripturam
445 785 500 822 sic
537 798 584 822 ex
611 783 727 822 huius
753 784 913 821 arbitrio
945 784 1198 821 constitutam
1231 797 1360 835 quum

170 850 212 886 in
234 849 498 887 Laurentiano
520 850 659 888 codice
678 849 881 887 invenisset
905 848 1109 887 Bekkerus
1130 848 1240 887 haud
1263 861 1360 888 cun-

141 909 145 913 '
169 917 339 958 ctanter,
356 913 470 964 quasi
487 913 517 950 si
531 912 779 964 integriorem
796 913 947 963 Lysiam
961 913 1182 963 reperisset,
1203 913 1354 964 recepit

174 980 215 1017 in
241 985 389 1017 textum
414 991 465 1017 ne
492 979 531 1016 in
564 977 828 1019 audacissimis
852 976 1017 1030 quidem
1043 976 1226 1017 Graeculi
1256 989 1354 1017 con-

174 1044 333 1081 iecturis
351 1044 529 1082 fraudem
552 1045 782 1095 suspicatus.
811 1044 1000 1095 Arguitur
1020 1051 1150 1083 autem
1175 1045 1355 1086 facilein

173 1111 425 1156 coniecturis,
460 1109 589 1161 qualis
613 1109 679 1147 illa
707 1114 762 1147 est
789 1123 831 1160 p.
860 1108 936 1146 114
964 1109 1060 1161 (275
1086 1108 1232 1161 Bekk.)
1262 1108 1356 1151 ἐπει-

176 1175 293 1218 δήπερ
320 1175 402 1227 ὑμῖν
436 1176 518 1218 ἔθος
550 1173 625 1217 ἐςὶν
650 1176 710 1211 ἕνα
743 1178 813 1211 τῶν
844 1173 1017 1219 ξυνόντων
1046 1173 1102 1213 ἀεὶ
1138 1175 1356 1225 (Graecitas

173 1241 365 1294 postulat:
398 1242 457 1280 ἕνα
484 1237 538 1278 ἀεὶ
568 1242 639 1277 τῶν
665 1236 853 1286 ξυνόντων)
879 1241 1000 1283 κακῶς
1024 1237 1137 1291 λέγειν
1167 1236 1227 1277 καὶ
1250 1240 1356 1279 ποιεῖν

173 1307 317 1348 ἐπειδὰν
343 1307 415 1361 ἐγὼ
441 1306 523 1360 ὑμῖν
550 1307 730 1359 μηνίσω
763 1307 848 1362 πρὸς
877 1306 971 1358 ὑμᾶς
998 1306 1127 1352 αὐτοὺς
1154 1306 1352 1360 τρέψεσθε.

174 1374 306 1425 Lysias
323 1387 404 1412 non
423 1374 545 1425 magis
567 1374 701 1426 μηνίσω
721 1386 910 1425 usurpare
932 1374 1061 1424 potuit
1088 1385 1211 1424 quam
1233 1375 1355 1425 χώσε-

173 1455 231 1479 ται
239 1471 256 1491 ,
285 1446 328 1477 ut
356 1439 433 1477 hoc
458 1445 570 1484 utar,
599 1439 660 1478 vel
693 1438 858 1491 χολωθείς
882 1439 942 1477 vel
971 1438 1192 1479 κοτέσσεται.
1232 1439 1354 1479 Fece-

173 1512 265 1544 runt
291 1505 369 1543 hoc
397 1504 580 1542 Graeculi
601 1505 855 1550 recentiores,
886 1505 957 1556 qui
984 1506 1151 1543 multum
1177 1505 1250 1544 sibi
1275 1506 1360 1558 pla-

175 1572 319 1612 cebant
345 1585 471 1624 quum
495 1571 621 1609 verbis
646 1571 723 1609 suis
751 1571 1018 1621 antiquissima
1050 1570 1207 1609 Homeri
1238 1571 1360 1611 verba

174 1639 401 1681 miscerent,
431 1638 768 1688 quemadmOdum
800 1638 893 1674 fe'cit
915 1637 1122 1676 historicus
1153 1639 1220 1676 ille
1244 1638 1357 1691 apud

170 1703 389 1741 Lucianum
408 1702 448 1740 in
468 1703 691 1740 suavissimo
707 1701 805 1740 libro
829 1702 879 1740 de
901 1701 1080 1740 historia
1101 1703 1353 1742 conscriben-

172 1769 248 1813 da,
281 1758 390 1804 Tom.
416 1767 467 1804 ΙΙ.
501 1781 543 1817 p.
566 1768 632 1804 22.
669 1765 798 1813 ἐλελιξε
828 1765 891 1818 μὲν
919 1767 940 1808 ἧ
962 1769 1134 1819 μηχανὴ,
1161 1768 1204 1807 τὸ
1232 1770 1350 1821 τεῖχος

172 1832 216 1872 δὲ
246 1827 351 1872 ’πεσὸν
379 1831 546 1883 μεγάλως
574 1830 777 1873 ἐδούπησε-ν.
804 1852 859 1858 ——
884 1830 1055 1871 Ἔδεσσα
1087 1831 1150 1885 μὲν
1179 1833 1229 1877 δὴ
1260 1836 1351 1883 οὕτω

173 1901 245 1944 τοῖς
278 1897 396 1943 ὅπλοις
434 1899 753 1953 περιεσμαραγεῖτο
784 1895 844 1935 καὶ
874 1896 996 1948 ὄτοβος
1027 1897 1070 1941 ἦν
1104 1898 1165 1938 καὶ
1204 1901 1352 1953 κόναβος

174 1971 320 2006 ἅπαντα
348 1966 397 2004 τὰ
426 1964 511 2005 ἐκεῖ.
547 1965 625 2005 καὶ·
657 1966 675 2004 ὁ
712 1965 890 2020 ςρατηγός
922 1965 1152 2022 ἐμερμήριζεν
1179 1963 1210 2021 ᾧ
1237 1970 1355 2023 τρόπῳ

172 2032 313 2086 μα’λιςα
340 2035 561 2087 προσαγάγοι
587 2032 673 2088 πρὸς
702 2032 742 2070 τὸ
770 2033 900 2083 τεῖχος.
941 2044 1075 2070 verum
1113 2045 1245 2084 neque
1278 2035 1355 2086 Ly-

171 2100 246 2137 sias
271 2110 401 2149 neque
427 2097 647 2135 Atticorum
673 2097 885 2148 quisquam
913 2108 960 2133 eo
982 2096 1121 2135 morbo
1145 2097 1350 2137 laboravit.

171 2164 355 2203 Peccavit
392 2163 605 2201 criticaster
642 2163 712 2213 qui
748 2175 872 2213 quum
912 2162 1112 2214 vulgatam
1147 2164 1355 2202 lectionem

170 2230 314 2282 μηνύσω
342 2228 490 2268 videret
528 2234 628 2265 stare
664 2240 745 2266 non
770 2236 882 2280 posse
909 2228 1129 2280 ingeniosus
1153 2227 1225 2265 sibi
1250 2228 1354 2267 visus

173 2301 230 2333 est
254 2308 379 2348 quum
405 2295 539 2346 μηνίσω
566 2300 794 2347 reponeret:
824 2307 954 2334 veram
982 2295 1186 2334 lectionem
1211 2294 1254 2334 in
1282 2310 1355 2349 μη·
