1572 2801
764 177 879 221 94*

201 315 256 349 est
290 321 334 360 p.
366 308 442 347 132
478 308 591 362 (321.
627 307 692 360 B.)
727 308 877 363 ἀπέχρη
905 307 941 348 ἐν
973 313 1018 364 τῇ
1046 308 1160 366 βουλῇ
1183 316 1338 369 ,μήνυσις
1363 315 1386 360 ἡ

200 375 406 428 γεγενημένη
432 388 507 427 11²0
529 376 551 418 ἡ
578 373 614 414 ἐν
643 380 687 427 τῇ
712 374 823 427 βουλῇ
856 377 1064 429 γεγενημένη
1087 387 1288 430 expuncto
1318 384 1388 434 μή·

195 457 303 489 νυσις.
346 442 456 481 Haec
476 442 607 481 omnia
629 441 767 482 vitiosa
788 442 1007 482 essetfacile
1028 449 1113 483 erat
1135 445 1178 484 in
1190 457 1389 499 ‘quocum-

197 523 280 561 que
307 509 479 561 probato
501 510 694 560 scriptore
724 509 1055 556 animadvertere,
1085 517 1239 561 quanto
1266 515 1390 566 magis

198 575 241 614 in
267 574 422 623 Attico,
454 574 522 613 cui
548 585 630 612 non
662 573 809 612 licebat
835 574 959 615 latum
987 586 1159 629 unguem
1185 576 1388 631 discedere

199 641 250 680 ab
278 654 325 679 ea
354 638 641 680 consuetudine
676 637 891 690 loquendi,
922 653 1029 692 quae
1055 642 1165 693 apud
1202 645 1389 696 aequales

197 706 396 758 frequenti
427 704 603 743 omnium
632 716 704 742 usu
730 703 831 742 adeo
857 705 1180 753 invntueuwut,
1198 720 1279 749 non
1300 710 1389 750 ,sine

198 773 406 816 affectatae
442 777 481 812 et
509 770 675 823 putidae
702 770 890 810 orationis
918 772 1013 811 vitio
1046 773 1201 826 aliquid
1232 787 1257 814 a
1287 789 1391 829 quo-

198 851 322 890 quam
357 839 494 879 novari
529 843 673 889 posset.
723 837 1008 881 Florentissima
1041 845 1169 878 aetate
1205 844 1391 884 sermonis

197 904 341 950 Attici,
382 916 507 955 quum
531 914 683 945 ‚omnes
719 908 828 940 recte
864 903 1143 954 loquerentur,
1187 906 1314 947 forma
1350 915 1389 948 et

195 970 430 1022 compositio
456 968 671 1023 verborum
695 975 779 1007 erat
807 969 979 1016 stabilis,
1008 971 1185 1010 omnium
1218 975 1386 1019 maxime

194 1038 235 1078 in
261 1038 308 1076 iis
340 1035 496 1087 scriptis
530 1047 636 1087 quae
672 1035 929 1087 popularium
966 1037 1087 1076 vitam
1122 1043 1160 1076 et
1187 1051 1315 1080 mores
1346 1048 1384 1081 et

192 1104 394 1156 ingenium
422 1102 568 1140 referre
594 1099 807 1140 debebant.
850 1102 907 1140 Eo
933 1103 1058 1155 magis
1082 1104 1386 1160 offenduntigi-

195 1177 260 1212 tur
287 1181 393 1220 quae
432 1168 473 1205 in
508 1166 568 1204 his
595 1179 619 1204 a
645 1173 842 1218 perpetuo
874 1180 948 1206 usu
980 1180 1030 1207 ac
1061 1170 1213 1209 ratione
1243 1174 1384 1225 populi

193 1234 440 1275 Atheniensis
490 1232 704 1271 abhorrent
748 1244 878 1283 eoque
921 1234 1161 1273 manifestius
1209 1236 1385 1276 indidem

190 1311 299 1352 quae
325 1299 531 1340 sola‚vera
558 1302 721 1348 possunt
751 1308 831 1334 esse
854 1304 1109 1349 repetuntur;
1138 1298 1248 1339 haud
1272 1314 1386 1341 secus

194 1373 316 1417 atque
357 1363 631 1415 unusquisque
669 1368 846 1400 nostrum
882 1362 923 1400 in
959 1365 1173 1404 vernaculo
1207 1373 1385 1408 sermone

194 1437 264 1469 aut
294 1431 370 1471 alia
401 1428 628 1480 aequalium
661 1427 816 1478 lingua,
855 1439 978 1478 quam
1012 1429 1246 1480 perennent,
1277 1438 1386 1476 recte

196 1498 306 1539 dicta
339 1497 390 1536 ab
415 1496 462 1535 iis
492 1507 598 1546 quae
631 1494 767 1532 vitiose
796 1492 985 1532 dicuntur
1019 1494 1137 1534 facile
1167 1496 1383 1550 distinguit.

196 1562 325 1601 Lubet
352 1551 406 1603 ita
426 1570 664 1616 ,percurrere
700 1558 875 1608 Lysiam,
915 1565 957 1596 ut
993 1559 1170 1612 diligenti
1200 1562 1386 1602 observa-

190 1628 297 1668 tione
324 1626 484 1680 linguae
507 1626 663 1664 Atticae
684 1624 784 1669 ‚vitia
808 1624 1028 1676 quaedam,
1059 1639 1166 1678 quae
1185 1630 1380 1670 constanti

192 1693 369 1736 omnium
397 1692 527 1730 Attice
556 1691 804 1742 loquentium
832 1692 915 1728 usui
951 1700 1194 1744 repugnant,
1236 1695 1382 1735 exima-

193 1773 292 1799 mus.
335 1758 424 1798 Non
449 1759 574 1805 solent
599 1757 721 1798 Attici
746 1760 987 1804 κακονοοῦντες
1019 1758 1149 1798 dicere
1174 1766 1217 1799 ut
1232 1760 1382 1814 ,legitur

194 1841 238 1877 p.
273 1825 350 1865 182
386 1824 483 1876 (447
520 1823 586 1874 Β.)
626 1835 758 1873 neque
793 1823 984 1868 εὐνοοῦντες
1010 1824 1092 1875 ἡμῖν
1129 1831 1172 1862 ut
1211 1840 1252 1876 p.
1294 1827 1381 1865 131.

198 1890 308 1946 (316.
338 1889 403 1943 Β.)
432 1890 501 1929 sed
525 1891 664 1931 κακόνοι
692 1891 788 1935 ὄντες
816 1895 854 1927 et
885 1885 970 1930 εὖνοι
994 1893 1105 1937 ὄντες.
1150 1890 1269 1941 Quod
1293 1892 1384 1946 legi-

198 1967 262 1998 tur
283 1958 427 2011 p..154
450 1957 548 2007 (376
561 1956 627 2006 Β.)
648 1955 666 1995 ὃ
688 1955 733 1995 δὲ
750 1957 901 2009 μέγιςον
928 1960 1125 2010 τεκμήριον.
1168 1958 1384 2013 Δῆμοςγοέρ

196 2026 273 2067 κτὲ.
302 2026 356 2064 ita
385 2025 457 2064 erit
481 2023 656 2062 Atticum
679 2023 709 2060 si
733 2022 773 2062 τὸ
793 2021 838 2062 δέ
861 2023 1071 2076 scripseris.
1107 2023 1217 2062 Idem
1243 2025 1381 2064 vitium

194 2085 340 2146 passim
367 2091 583 2129 tollendum
610 2097 678 2129 est.
720 2090 778 2130 Οὐ
801 2088 922 2136 καλῶς
941 2090 1226 2134 Ἀθηναῖονὸντα
1246 2087 1288 2143 p.
1309 2093 1382 2131 135

197 2157 296 2211 (326
321 2156 387 2207 Β.)
414 2168 530 2194 nemo
552 2155 775 2194 Atticorum
798 2168 987 2208 umquam
1012 2157 1133 2203 dixit,
1171 2158 1241 2197 sed
1269 2159 1382 2200 καθα·

197 2230 284 2280 ρῶς.
325 2223 406 2264 Οὐκ
432 2226 569 2277 ἔφασαν
604 2222 786 2278 ἐπιτρέψαι
817 2236 857 2274 p.
890 2223 960 2261 131
991 2224 1103 2274 (317.
1130 2224 1194 2276 Β.)
1232 2232 1270 2264 et
1309 2226 1384 2264 134

198 2290 309 2343 (324.
336 2288 401 2342 Β.)
425 2289 543 2342 longe
563 2289 672 2328 aliud
690 2295 748 2328 est
770 2301 892 2341 quam
911 2288 1135 2343 ἐπιτρέψειν,
1162 2291 1275 2343 quod
1298 2304 1384 2331 ora-
