1572 2801
734 188 789 232 91

158 322 324 361 matieos
352 327 531 373 paratam
554 323 727 362 invenire
754 325 891 364 solent.
934 326 982 365 111
1010 327 1149 378 Lysiae
1174 327 1354 368 oratione

165 388 246 428 κατ’
279 387 505 444 Ἐργοκλέους
535 402 578 440 p.
599 388 694 427 180.
725 386 822 441 (440
849 390 913 441 Β.)
954 390 1075 434 ἐπειδὴ
1104 395 1247 445 τάχος-α
1277 392 1351 432 ἑνε-

166 458 341 503 πέπληντο
373 458 433 497 καὶ
462 464 533 498 τῶν
565 459 738 514 ὑμετέρων
773 459 981 498 ἀπέλαυσαν
1013 460 1064 497 ad
1100 459 1208 497 hunc
1248 461 1352 498 diem

165 524 247 563 sine
269 525 490 577 suspicione
515 526 669 578 legitur.
708 525 759 563 At
779 524 992 563 barbarum
1014 531 1069 563 est
1089 524 1347 579 ἐνεπέπληντο,

166 592 262 643 quia
288 592 469 644 πέπλημαι
500 604 581 630 non
615 592 738 643 magis
764 591 894 642 potuit
930 590 1079 644 Graeoe
1114 593 1191 631 dici
1228 607 1350 645 quam

161 659 328 712 πέπειμαι
339 691 355 710 ,
384 659 528 697 ut·hoc
552 664 652 696 utar.
689 657 832 696 scribe:
858 657 1040 703 ἑνέπληντο
1051 691 1067 710 ,
1098 665 1141 696 ut
1171 659 1350 698 solebant

163 725 300 775 Lysiae
324 726 509 776 aequales
532 726 574 764 in
595 724 726 763 Attica
753 725 879 776 loqui.
899 725 1188 776 'Aristophanes
1211 726 1251 764 in
1274 726 1347 767 Ve-

161 791 241 842 spis
270 789 387 827 1304.
416 802 475 840 sq.

326 853 421 899 εὐθὺς
446 854 520 909 γὰρ
547 853 595 899 ὡς
620 852 785 899 ἐνέπλητο
811 853 950 893 πολλῶν
977 844 1158 906 κάγαθῶν

323 919 481 971 ἐνήλατ’,
507 918 665 973 ἐσκίρτα.

163 989 202 1022 et
229 984 323 1023 alibi
353 985 509 1037 passim.
551 984 769 1022 Barbarum
802 990 858 1026 est
895 999 935 1036 p.
969 983 1055 1022 100.
1090 984 1186 1036 (235
1214 986 1278 1038 B)
1316 988 1350 1026 εἴ

162 1064 249 1094 τινες
279 1054 524 1102 μαχεσάμενοι
553 1052 680 1101 ἔτυχον
711 1049 876 1092 ἀλλήλων
910 1049 1093 1096 κατεάξ
1103 1066 1241 1096 αντες
1276 1054 1342 1097 τὰς

162 1115 324 1173 κεφαλάς
351 1130 425 1168 pro
451 1115 700 1167 κατάξαντες,
729 1115 796 1153 ubi
828 1115 976 1152 librarii
1007 1116 1048 1152 in
1085 1116 1212 1154 media
1249 1117 1343 1156 bar-

157 1182 266 1220 barie
288 1183 371 1220 nati
394 1183 526 1219 sordes
554 1182 800 1231 aequalium,
831 1181 900 1230 qui
923 1182 1131 1232 κατεαχθείς
1154 1189 1192 1219 et
1216 1184 1344 1233 ipsum

161 1248 261 1287 adeo
287 1250 480 1289 κατεάσσω
503 1245 768 1298 usurpabant,
790 1245 925 1297 Lysiae
946 1245 1214 1285 affricuerunt.
1244 1248 1344 1286 Hinc

157 1315 400 1367 paulo-ante
430 1315 547 1352 iidem
573 1315 830 1363 scripserunt:
868 1313 962 1351 ἄλλα
994 1313 1109 1353 πολλὰ
1140 1314 1341 1369 ὑβρισμένος

158 1378 220 1418 καὶ
245 1378 428 1433 κατεαγεὶς
455 1382 520 1422 τὴν
546 1378 722 1433 κεφαλήν,
752 1378 819 1415 ubi
843 1385 1043 1416 corrector
1070 1379 1218 1417 codicis
1241 1379 1340 1418 Lau-

156 1447 323 1485 rentiani
358 1447 526 1499 καταγείς
558 1446 726 1483 correxit
759 1458 885 1496 quum
912 1446 1096 1497 κατεαγὼς
1130 1444 1336 1484 debuisset.

155 1512 265 1550 Idem
279 1524 396 1563 saepe
416 1513 615 1567 ψηφίσομαι
629 1518 670 1548 ret
685 1512 820 1548 similia
841 1512 983 1548 menda
999 1512 1183 1554 correxit,
1199 1524 1339 1561 quam-

158 1591 280 1630 quam
306 1578 503 1617 interdum
526 1578 683 1630 linguae
710 1575 832 1628 magis
858 1588 980 1627 quam
1004 1575 1216 1613 sententiae
1243 1588 1340 1614 con-

155 1645 284 1682 sulens
321 1645 493 1695 reposuit
530 1642 697 1695 probam
734 1648 772 1678 et
808 1641 979 1678 Atticam
1020 1641 1185 1678 formam
1220 1643 1259 1679 in
1285 1664 1339 1671 —

153 1714 259 1764 οῦμαι
285 1711 345 1749 vel
370 1713 569 1761 -ζομαι,
613 1707 680 1745 ubi
719 1706 907 1743 sententia
944 1706 1060 1743 aliam
1097 1706 1336 1757 requirebat.

154 1777 244 1816 Vid.
272 1790 315 1826 p.
347 1775 432 1813 139.
459 1775 568 1826 (337.
595 1772 678 1823 B.).
719 1772 938 1809 Barbarum
966 1779 1021 1809 est
1042 1786 1082 1822 p.
1114 1771 1202 1808 136.
1227 1772 1337 1823 (329.

153 1842 219 1893 Β.)
245 1841 305 1882 καὶ
333 1841 489 1898 ὤφλησεν
516 1838 598 1891 ὑμῖν
623 1837 751 1892 μυρίας
774 1834 979 1893 δραχμάς,
1002 1848 1075 1888 pro
1101 1832 1226 1891 ὦφλεν.
1258 1836 1336 1874 hoc

153 1920 318 1959 quoque
350 1920 398 1945 ex
426 1906 682 1944 abiectissima
711 1902 930 1940 Graecitate
961 1904 1180 1948 invectum,
1212 1917 1337 1954 quum

148 1972 290 2027 ἑλειψα,
313 1971 408 2027 ἧξα,
429 1974 650 2029 ἡμάρτησα,
671 1968 885 2020 ὠλίσθησα,
904 1971 1075 2023 ἔρρευσα,
1099 1969 1196 2020 quin
1221 1970 1336 2007 etiam

150 2044 269 2095 ᾕρησα
297 2046 335 2077 et
362 2040 462 2090 quid
484 2051 565 2076 non
591 2038 707 2075 huius
733 2036 883 2087 generis
910 2036 949 2071 in
977 2048 1049 2072 usu
1076 2041 1213 2071 essent.
1250 2036 1334 2073 Hu-

147 2106 314 2145 iusmodi
339 2112 454 2156 turpe
483 2102 669 2141 mendum
703 2099 837 2138 adhuc
873 2099 1147 2150 Aristophanis
1182 2112 1331 2137 versum

147 2173 412 2210 commaculat
444 2172 486 2208 in
512 2169 672 2220 Lysistr.
706 2166 799 2204 553.

147 2237 246 2290 Κᾷτ“
266 2238 386 2293 ἐντέξῃ
401 2237 544 2279 τετανὸν
564 2234 707 2292 τερπνὸν
727 2236 799 2280 τοῖς
820 2232 977 2291 ἀνδράσι
991 2232 1050 2273 καὶ
1071 2232 1321 2289 ῥοπαλισμούς.

140 2304 354 2344 barbarum
389 2311 445 2344 est
478 2302 613 2351 ἑντέξαι
640 2315 714 2355 pro
740 2300 905 2341 ἐντεκεῖνε
946 2313 1076 2340 veram
1115 2300 1324 2338 lectionem
