1572 2801
747 214 806 258 45

224 347 346 403 Θηρὶ
382 346 445 400 μὲν
482 347 726 389 οὐατόεντι
752 347 937 401 γενοᾲιην,
965 346 1079 385 εἴποτε
1106 347 1268 402 γράψω,

333 415 484 465 εἴκελος,
513 414 561 452 ἐκ
588 418 813 466 ποταμῶν
849 413 1015 466 χλωρὰ
1051 413 1315 464 χελιδόνια.

225 481 254 520 οἱ
283 480 319 521 δ’
345 484 453 528 οὕτως
481 482 539 523 τὸν
566 480 727 537 Ὅμηρον
753 479 910 525 ἀναιδῶς
939 477 1200 520 λωποδυτοῦσιν

333 553 405 594 ὥςε
433 553 579 604 γράφειν
606 549 697 593 ἤδη·
728 548 879 589 Μῆνιν
905 547 1034 585 ἄειδε
1062 547 1155 585 θεά.

249 613 341 667 Pag.
376 616 435 653 ll.
471 614 554 667 Qui
577 615 735 652 acriter
757 627 846 651 cum
869 613 1123 650 soloecismis
1139 612 1244 650 bella
1259 626 1374 664 gere·

200 679 299 716 bant
322 681 547 731 magistelli
570 694 660 718 cum
680 682 771 718 suis
799 682 971 732 ineptiis
994 678 1373 728 contemnebantur)

197 745 411 795 Postquam
439 746 639 784 sinceritas
672 746 856 783 sermonis
890 744 1029 781 Graeci
1064 755 1134 788 ea,
1168 756 1249 793 qua
1277 743 1375 780 dixi-

195 822 301 854 mus,
331 810 420 847 labe
445 811 653 862 inquinata
682 816 739 848 est
765 817 802 848 et
834 810 1030 847 doctiores
1059 820 1194 846 omnes
1219 808 1375 859 linguae

192 875 453 926 cognitionem
476 889 523 915 ex
552 876 658 914 libris
678 888 759 914 non
784 888 831 913 ex
857 876 936 914 vita
954 874 1112 912 haurire
1136 881 1373 925 coeperunt,

191 946 285 978 nata
310 946 366 978 est
393 941 528 980 odiosa
559 941 803 980 consuetudo
828 940 1018 992 carpendi
1045 941 1230 978 sermonis
1258 941 1373 990 vitia,

194 1006 524 1059 requirendique,
552 1020 634 1059 qua
660 1008 798 1046 veteris
822 1006 1022 1059 scriptoris
1047 1008 1281 1045 auctoritate
1308 1021 1371 1046 vo-

193 1071 402 1118 cabulum,
432 1074 482 1111 de
509 1086 591 1124 quo
606 1072 898 1124 ambigebatur,
928 1073 1130 1110 niteretur.
1160 1072 1232 1111 Cui
1258 1074 1370 1126 igno-

192 1142 253 1174 tus
276 1143 331 1175 est
355 1137 545 1175 Athenaei
566 1138 788 1182 κειτούκειτος
799 1168 815 1187 ‚
844 1137 893 1174 de
917 1148 1000 1187 quo
1023 1136 1156 1173 scribit
1173 1138 1203 1174 Ι.
1222 1151 1314 1189 pag.
1335 1141 1367 1177 l.

191 1200 289 1248 οὗτος
318 1205 336 1242 ὁ
359 1206 449 1259 ἀνὴρ
477 1206 576 1257 νόμον
607 1206 680 1256 εἶχε
708 1203 851 1257 μηδενὸς
882 1203 1098 1257 ἀποτρώγειν
1133 1201 1211 1257 πρὶν
1236 1204 1342 1244 εἰπεῖν
1355 1218 1363 1226 ·

190 1271 300 1309 κεῖται
326 1271 348 1312 ἢ
370 1270 409 1309 οὐ
428 1271 540 1309 κεῖται
549 1286 565 1320 ,-
598 1268 664 1309 οἷον
690 1270 720 1308 εἰ
737 1271 849 1309 κεῖται
875 1273 952 1324 ὥρα
978 1268 1035 1308 ἐπὶ
1059 1273 1118 1307 τοῦ
1146 1275 1207 1314 τῆς
1235 1272 1369 1325 ἡμέρας

188 1336 304 1390 μορίου
333 1335 394 1373 καὶ
414 1336 443 1373 εἰ
464 1336 481 1373 ὁ
500 1337 656 1387 μέθυσος
675 1334 729 1374 ἐπ’
748 1334 876 1390 ἀνδρός
896 1341 933 1372 et
957 1335 1094 1372 similia
1107 1365 1116 1380 ,
1149 1349 1254 1387 quae
1283 1351 1367 1388 pas-

186 1400 255 1437 sim
280 1400 390 1451 apud
410 1400 656 1437 Athenaeum
678 1401 873 1451 leguntur.
900 1399 1021 1436 Multa
1048 1412 1151 1450 quae
1173 1401 1253 1439 huc
1268 1402 1364 1440 faci-

184 1472 254 1503 unt
277 1466 428 1504 dabunt
450 1467 588 1504 Pollux
609 1473 647 1504 et
672 1478 847 1503 morosus
873 1477 1009 1502 censor
1024 1464 1231 1503 verborum
1248 1466 1365 1518 Phry-

179 1530 333 1568 nichus.
363 1532 553 1583 Apposite
579 1532 628 1569 K.
660 1531 780 1570 Lehrs
801 1532 842 1569 in
867 1531 1042 1579 Quaestt.
1072 1530 1202 1581 Epieis
1221 1545 1260 1581 p.
1295 1534 1359 1578 10,

181 1594 315 1632 locum
342 1594 564 1645 Philostrati
592 1597 721 1633 attulit
758 1609 779 1633 e
809 1596 885 1635 Vit.
917 1595 1087 1646 Sophist.
1127 1611 1168 1647 p.
1195 1597 1274 1636 578
1302 1598 1360 1638 ἐκ·

182 1657 288 1712 φύλου
318 1658 355 1697 δ’
384 1659 491 1698 αὐτὸν
519 1659 778 1712 (Philagrum)
807 1661 962 1715 ῥήματος
992 1661 1038 1705 ὡς
1063 1661 1097 1700 ἐν
1119 1662 1205 1715 ὀργῇ
1227 1663 1359 1719 διαφυ-

183 1726 299 1776 γόντος
333 1724 523 1778 λαβόμενος
549 1725 567 1763 ὁ
595 1725 790 1780 Ἀμφικλῆς
820 1748 874 1753 -
901 1727 1002 1780 παρὰ
1038 1728 1098 1765 τίνι
1124 1733 1195 1767 τῶν
1221 1729 1358 1783 ἐλλογί-

183 1804 258 1842 μων
285 1789 379 1829 τοῦτ’
408 1791 567 1845 εἶ’ρηται,·
604 1792 681 1846 ἔφη.
725 1790 800 1830 Καὶ
831 1794 888 1836 ὅς·
919 1793 1020 1847 παρὰ
1048 1791 1236 1848 Φιλάγρῳ.
1284 1796 1361 1834 Sed

178 1855 300 1893 instar
326 1856 500 1893 omnium
523 1862 579 1893 est
603 1856 768 1894 Luciani
791 1855 1064 1912 Ψευδοσοφιςὴς
1082 1858 1104 1900 ἢ
1130 1860 1331 1907 Σολοικις-ής
1342 1895 1357 1914 ,

179 1921 284 1959 unde
306 1922 419 1959 simul
447 1926 613 1973 apparet
644 1921 789 1972 quibus
814 1921 994 1959 sordibus
1022 1923 1160 1975 vulgus
1186 1925 1357 1966 Graeco-

175 2001 263 2025 rum
296 1988 469 2040 patrium
495 2001 712 2026 sermonem
747 1988 825 2026 iam
853 1994 934 2026 tum
967 1992 1205 2041 corruperit,
1243 1993 1356 2032 simul

176 2066 299 2104 quam
337 2053 488 2092 indocti
536 2059 574 2091 et
611 2054 734 2104 inepti
771 2054 915 2091 suerint
950 2054 1011 2091 isti
1050 2058 1243 2108 magistri,
1286 2060 1356 2110 qui

176 2126 335 2160 ceteros>
352 2120 541 2171 castigare
567 2125 605 2156 et
628 2119 913 2170 reprehendere
938 2120 1126 2160 solerent:
1159 2123 1244 2161 vide
1269 2137 1355 2162 om-

174 2185 267 2222 nino
307 2185 452 2224 Lehrsii
495 2185 628 2222 locum
668 2196 787 2236 supra
825 2186 1043 2224 laudatum.
1086 2188 1175 2226 Post
1213 2190 1354 2229 multos

173 2249 437 2301 putidissimos
471 2262 638 2295 erroreS‚
679 2249 719 2287 in
757 2250 902 2300 quibus
927 2252 982 2288 nil
1018 2253 1107 2289 mali
1134 2255 1353 2304 suspicatus

174 2315 323 2361 fuerat,
355 2316 408 2355 ait
434 2331 475 2368 p.
498 2314 590 2355 556.
619 2315 664 2355 σὺ
691 2315 726 2355 δ’
756 2314 857 2356 οὐδὲν
882 2317 981 2361 εἶπας
1010 2315 1057 2356 ὧν
1084 2318 1268 2373 ἄνθρωποι
1290 2336 1349 2360 σο-
