1572 2801
783 190 845 232 20

237 339 333 383 pere
360 323 582 380 aliquando
607 322 845 365 audendum
871 327 950 376 est,
982 328 1023 364 et
1049 321 1397 379 quemadmodum

237 397 317 438 hoc
342 395 499 451 magnis
518 395 652 452 poe'tis
676 393 956 436 condonamus
979 393 1193 449 lubenter,
1225 396 1299 453 qui
1329 396 1394 439 vel

237 471 277 511 in
306 468 386 510 hoc
402 469 492 524 ipso
513 466 837 523 dithyrambicae
860 466 1049 508 dictionis
1070 472 1218 510 ornatu
1234 468 1398 511 verbis-

237 554 319 596 que
341 527 498 580 sonoris
519 538 573 579 ita
597 536 783 580 afficiunt
800 538 976 593 animos,
1008 543 1057 580 ut
1077 538 1219 581 eodem
1240 540 1398 597 impetu

236 612 448 669 rapiamur
470 610 703 670 audientes,
731 611 788 652 sic
814 625 909 652 cum
939 615 1150 653 contemtu
1180 610 1395 654 abiiciendi

239 686 306 727 isti
340 689 455 737 sunt,
497 684 569 740 qui
611 674 721 724 inani
748 681 969 724 verborum
1001 684 1175 741 strepitu
1209 686 1396 728 incautos

235 763 276 800 et
304 758 515 813 imperitos
559 756 701 798 fallere
736 761 930 812 possunt,
967 755 1192 811 prudentes
1224 763 1265 800 et
1298 759 1400 800 anti·

236 844 418 887 quorum
447 844 594 886 gnaros
622 844 705 871 non
731 835 927 886 possunt,
958 828 1011 870 ad
1041 829 1121 871 hoc
1149 829 1284 872 solum
1315 830 1398 871 uti-

233 905 312 959 les,
345 909 393 945 ut
425 904 529 944 tristi
554 902 803 944 documento
838 905 995 944 constet
1029 902 1202 957 posteris
1230 917 1279 944 ex
1311 916 1396 958 quo

235 977 396 1033 fastigio
442 974 493 1016 ad
541 989 667 1030 quam
706 974 906 1017 abiectam
940 974 1175 1017 futilitatem
1211 975 1396 1032 populus

233 1065 343 1094 unus
392 1048 575 1090 omnium
624 1046 970 1104 ingeniosissimus
1019 1049 1163 1090 amissa
1206 1047 1394 1091 libertate

230 1122 501 1177 moribusque
516 1121 559 1161 in
580 1135 742 1163 omnem
760 1122 998 1177 spurcitiem
1020 1121 1226 1178 corruptis
1255 1121 1391 1163 delabi

230 1195 424 1253 potuerit.

292 1267 420 1309 Venio
451 1281 565 1309 nunc
595 1266 647 1307 ad
673 1266 924 1322 Philologiae
947 1271 1107 1323 partem
1134 1266 1255 1324 longe
1284 1267 1393 1310 diffi-

230 1340 428 1382 cillimam
451 1339 576 1381 simul
601 1344 641 1381 et
663 1339 1047 1396 praeclarissimam,
1079 1342 1149 1382 cui
1177 1342 1273 1397 quia
1296 1356 1392 1400 spu·

226 1415 285 1456 ria
316 1429 338 1455 a
371 1414 578 1470 genuinis,
611 1427 707 1454 sana
736 1418 775 1454 et
808 1413 962 1455 sincera
989 1429 1012 1456 a
1049 1415 1201 1457 vitiosis
1232 1419 1273 1456 et
1299 1429 1391 1457 cor-

228 1487 363 1543 ruptis
419 1484 639 1527 iudicando
683 1484 875 1526 discernit
920 1500 1069 1528 nomen
1113 1487 1262 1528 Critica
1316 1493 1390 1529 est.

229 1559 373 1601 Variae
414 1572 573 1614 semper
616 1557 666 1599 de
705 1557 783 1598 hac
826 1558 911 1599 sive
951 1564 1037 1600 arte
1078 1560 1161 1601 sive
1198 1559 1395 1604 facultate

232 1632 404 1674 fuerunt
433 1629 648 1671 hominum
677 1629 901 1685 opiniones.
947 1629 994 1671 In
1035 1645 1117 1686 qua
1145 1630 1234 1673 aliis
1262 1633 1394 1675 omnis

230 1705 411 1749 liberalis
438 1702 647 1744 doctrinae
674 1700 880 1757 fastigium
906 1702 1087 1758 positum
1114 1717 1201 1746 esse
1226 1704 1394 1749 videba-

231 1786 324 1831 tur,
365 1777 472 1818 hanc
503 1773 570 1814 alii
598 1777 670 1813 aut
703 1777 750 1813 ut
781 1787 866 1814 rem
897 1773 1029 1816 levem
1068 1780 1109 1817 et
1138 1776 1180 1817 in
1212 1779 1396 1823 minutiis

231 1853 466 1895 haerentem
497 1843 815 1888 contemnebant
851 1851 923 1887 aut
950 1851 1160 1904 tamquam
1190 1851 1296 1893 nulli
1331 1854 1390 1896 rei

234 1928 471 1983 parcentem
503 1924 738 1973 certamque
770 1923 811 1960 et
841 1919 1393 1979 venerabilembantiquitatis

236 1996 520 2040 auctoritatem
549 1997 701 2034 temere
729 1995 770 2032 et
808 1991 948 2034 insane
977 1994 1276 2039 convellentem
1301 1998 1395 2042 odio

236 2075 277 2113 et
303 2070 363 2110 ira
394 2064 759 2123 persequebantur.
805 2064 1003 2120 Equidem
1028 2082 1141 2109 nunc
1171 2070 1281 2126 apud
1305 2071 1396 2127 ple-

239 2154 391 2197 rosque
420 2138 523 2180 duas
558 2137 816 2194 potissimum
852 2136 965 2179 video
996 2137 1131 2182 valere
1164 2142 1395 2199 opiniones,

238 2218 400 2257 inanem
425 2218 663 2268 utramque,
696 2212 756 2253 uti
781 2211 938 2268 opinor.
1000 2213 1108 2255 Sunt
1134 2215 1288 2270 quibus
1319 2220 1399 2261 cri—

242 2289 322 2330 tica
364 2299 429 2329 ars
459 2284 646 2329 videatur
675 2284 909 2342 ingeniosus
940 2289 981 2328 et
1010 2286 1264 2344 perdifficilis
1292 2305 1398 2334 acu-
