<?xml version="1.0" encoding="UTF-8"?>
<!DOCTYPE html PUBLIC "-//W3C//DTD XHTML 1.0 Transitional//EN"
    "http://www.w3.org/TR/xhtml1/DTD/xhtml1-transitional.dtd">
<html xmlns="http://www.w3.org/1999/xhtml" xml:lang="en" lang="en">
 <head>
  <title>
</title>
<meta http-equiv="Content-Type" content="text/html;charset=utf-8" />
  <meta name='ocr-system' content='tesseract 3.04.00' />
  <meta name='ocr-capabilities' content='ocr_page ocr_carea ocr_par ocr_line ocrx_word'/>
</head>
<body>
  <div class='ocr_page' id='page_1' title='image "4738083_0045.png"; bbox 0 0 1572 2801; ppageno 0'>
   <div class='ocr_carea' id='block_1_1' title="bbox 736 227 791 270">
    <p class='ocr_par' dir='ltr' id='par_1_1' title="bbox 736 227 791 270">
     <span class='ocr_line' id='line_1_1' title="bbox 736 227 791 270; baseline -0.018 0"><span class='ocrx_word' id='word_1_1' title='bbox 736 227 791 270; x_wconf 81' lang='lat'><strong>51</strong></span> 
     </span>
    </p>
   </div>
   <div class='ocr_carea' id='block_1_2' title="bbox 169 359 1342 639">
    <p class='ocr_par' dir='ltr' id='par_1_2' title="bbox 169 359 1342 639">
     <span class='ocr_line' id='line_1_2' title="bbox 180 359 1342 419; baseline -0.007 -10"><span class='ocrx_word' id='word_1_2' title='bbox 180 363 359 409; x_wconf 86' lang='lat' dir='ltr'><strong>amorem</strong></span> <span class='ocrx_word' id='word_1_3' title='bbox 397 374 723 419; x_wconf 84' lang='lat' dir='ltr'><strong>generosumque</strong></span> <span class='ocrx_word' id='word_1_4' title='bbox 759 359 975 415; x_wconf 51' lang='lat' dir='ltr'><strong>dignitatis*</strong></span> <span class='ocrx_word' id='word_1_5' title='bbox 997 373 1094 402; x_wconf 89' lang='lat' dir='ltr'><strong>suae</strong></span> <span class='ocrx_word' id='word_1_6' title='bbox 1134 365 1175 402; x_wconf 89' lang='lat' dir='ltr'><strong>et</strong></span> <span class='ocrx_word' id='word_1_7' title='bbox 1216 360 1342 402; x_wconf 91' lang='lat' dir='ltr'><strong>liber-</strong></span> 
     </span>
     <span class='ocr_line' id='line_1_3' title="bbox 169 415 1342 491; baseline -0.004 -11"><span class='ocrx_word' id='word_1_8' title='bbox 169 415 278 481; x_wconf 44' lang='lat' dir='ltr'><strong>·tatis</strong></span> <span class='ocrx_word' id='word_1_9' title='bbox 303 448 494 489; x_wconf 73' lang='lat' dir='ltr'><strong>sensum,</strong></span> <span class='ocrx_word' id='word_1_10' title='bbox 534 432 687 491; x_wconf 87' lang='lat' dir='ltr'><strong>quibus</strong></span> <span class='ocrx_word' id='word_1_11' title='bbox 726 430 909 472; x_wconf 90' lang='lat' dir='ltr'><strong>humano</strong></span> <span class='ocrx_word' id='word_1_12' title='bbox 939 432 1076 486; x_wconf 84' lang='lat' dir='ltr'><strong>generi</strong></span> <span class='ocrx_word' id='word_1_13' title='bbox 1102 432 1153 473; x_wconf 85' lang='lat' dir='ltr'><strong>ad</strong></span> <span class='ocrx_word' id='word_1_14' title='bbox 1182 432 1342 490; x_wconf 86' lang='lat' dir='ltr'><strong>perfec-</strong></span> 
     </span>
     <span class='ocr_line' id='line_1_4' title="bbox 182 504 1342 563; baseline -0.003 -10"><span class='ocrx_word' id='word_1_15' title='bbox 182 519 267 554; x_wconf 84' lang='lat' dir='ltr'><strong>tam</strong></span> <span class='ocrx_word' id='word_1_16' title='bbox 289 511 481 552; x_wconf 80' lang='lat' dir='ltr'><strong>virtutem</strong></span> <span class='ocrx_word' id='word_1_17' title='bbox 504 513 545 550; x_wconf 92' lang='lat' dir='ltr'><strong>et</strong></span> <span class='ocrx_word' id='word_1_18' title='bbox 577 507 810 549; x_wconf 80' lang='lat' dir='ltr'>felicitatem</span> <span class='ocrx_word' id='word_1_19' title='bbox 835 504 1007 560; x_wconf 85' lang='lat' dir='ltr'><strong>propius</strong></span> <span class='ocrx_word' id='word_1_20' title='bbox 1038 519 1196 563; x_wconf 89' lang='lat' dir='ltr'><strong>semper</strong></span> <span class='ocrx_word' id='word_1_21' title='bbox 1226 522 1342 549; x_wconf 92' lang='lat' dir='ltr'><strong>accc-</strong></span> 
     </span>
     <span class='ocr_line' id='line_1_5' title="bbox 183 578 1097 639; baseline -0.009 -10"><span class='ocrx_word' id='word_1_22' title='bbox 183 586 280 629; x_wconf 85' lang='lat' dir='ltr'>dere</span> <span class='ocrx_word' id='word_1_23' title='bbox 301 585 426 628; x_wconf 88' lang='lat' dir='ltr'><strong>aDeo</strong></span> <span class='ocrx_word' id='word_1_24' title='bbox 441 583 607 639; x_wconf 77' lang='lat' dir='ltr'><strong>Optimo</strong></span> <span class='ocrx_word' id='word_1_25' title='bbox 638 580 814 623; x_wconf 87' lang='lat' dir='ltr'><strong>Maximo</strong></span> <span class='ocrx_word' id='word_1_26' title='bbox 847 578 990 621; x_wconf 90' lang='lat' dir='ltr'><strong>datum</strong></span> <span class='ocrx_word' id='word_1_27' title='bbox 1023 584 1097 622; x_wconf 85' lang='lat' dir='ltr'><strong>est.</strong></span> 
     </span>
    </p>
   </div>
   <div class='ocr_carea' id='block_1_3' title="bbox 164 799 1353 2385">
    <p class='ocr_par' dir='ltr' id='par_1_3' title="bbox 175 799 1341 1365">
     <span class='ocr_line' id='line_1_6' title="bbox 238 799 1340 854; baseline -0.005 -9"><span class='ocrx_word' id='word_1_28' title='bbox 238 803 426 845; x_wconf 84' lang='lat' dir='ltr'><strong>Graviter</strong></span> <span class='ocrx_word' id='word_1_29' title='bbox 451 801 550 843; x_wconf 91' lang='lat' dir='ltr'><strong>mihi</strong></span> <span class='ocrx_word' id='word_1_30' title='bbox 575 805 856 843; x_wconf 87' lang='lat' dir='ltr'><strong>commovetur</strong></span> <span class='ocrx_word' id='word_1_31' title='bbox 882 800 1067 852; x_wconf 70' lang='lat' dir='ltr'><strong>animm,</strong></span> <span class='ocrx_word' id='word_1_32' title='bbox 1099 813 1230 854; x_wconf 91' lang='lat' dir='ltr'><strong>quum</strong></span> <span class='ocrx_word' id='word_1_33' title='bbox 1259 799 1340 841; x_wconf 88' lang='lat' dir='ltr'><strong>Vos</strong></span> 
     </span>
     <span class='ocr_line' id='line_1_7' title="bbox 180 871 1341 932; baseline -0.004 -15"><span class='ocrx_word' id='word_1_34' title='bbox 180 875 393 932; x_wconf 84' lang='lat' dir='ltr'><strong>alloquor,</strong></span> <span class='ocrx_word' id='word_1_35' title='bbox 435 873 702 915; x_wconf 86' lang='lat' dir='ltr'><strong>Illustrissimi</strong></span> <span class='ocrx_word' id='word_1_36' title='bbox 736 872 860 914; x_wconf 87' lang='lat' dir='ltr'><strong>huius</strong></span> <span class='ocrx_word' id='word_1_37' title='bbox 900 871 1135 914; x_wconf 80' lang='lat' dir='ltr'>Academiae</span> <span class='ocrx_word' id='word_1_38' title='bbox 1167 871 1341 913; x_wconf 88' lang='lat' dir='ltr'><strong>Curato-</strong></span> 
     </span>
     <span class='ocr_line' id='line_1_8' title="bbox 180 944 1340 1001; baseline -0.003 -13"><span class='ocrx_word' id='word_1_39' title='bbox 180 961 263 1001; x_wconf 87' lang='lat' dir='ltr'><strong>res,</strong></span> <span class='ocrx_word' id='word_1_40' title='bbox 295 947 369 988; x_wconf 83' lang='lat' dir='ltr'><strong>viri</strong></span> <span class='ocrx_word' id='word_1_41' title='bbox 396 952 526 988; x_wconf 89' lang='lat' dir='ltr'><strong>aetate</strong></span> <span class='ocrx_word' id='word_1_42' title='bbox 560 952 600 987; x_wconf 88' lang='lat' dir='ltr'><strong>et</strong></span> <span class='ocrx_word' id='word_1_43' title='bbox 631 946 783 987; x_wconf 84' lang='lat' dir='ltr'><strong>meritis</strong></span> <span class='ocrx_word' id='word_1_44' title='bbox 811 944 1080 998; x_wconf 86' lang='lat' dir='ltr'><strong>venerabiles,</strong></span> <span class='ocrx_word' id='word_1_45' title='bbox 1112 944 1340 986; x_wconf 81' lang='lat' dir='ltr'><strong>honoribus</strong></span> 
     </span>
     <span class='ocr_line' id='line_1_9' title="bbox 180 1018 1338 1076; baseline -0.002 -15"><span class='ocrx_word' id='word_1_46' title='bbox 180 1023 222 1061; x_wconf 87' lang='lat' dir='ltr'><strong>et</strong></span> <span class='ocrx_word' id='word_1_47' title='bbox 251 1019 493 1061; x_wconf 85' lang='lat' dir='ltr'><strong>auctoritate</strong></span> <span class='ocrx_word' id='word_1_48' title='bbox 518 1018 775 1076; x_wconf 80' lang='lat' dir='ltr'><strong>amplissimi,</strong></span> <span class='ocrx_word' id='word_1_49' title='bbox 808 1033 987 1075; x_wconf 88' lang='lat' dir='ltr'><strong>quorum</strong></span> <span class='ocrx_word' id='word_1_50' title='bbox 1014 1018 1218 1073; x_wconf 84' lang='lat' dir='ltr'><strong>suffragiis</strong></span> <span class='ocrx_word' id='word_1_51' title='bbox 1244 1031 1338 1075; x_wconf 92' lang='lat' dir='ltr'><strong>pro-</strong></span> 
     </span>
     <span class='ocr_line' id='line_1_10' title="bbox 179 1079 1337 1145; baseline -0.001 -13"><span class='ocrx_word' id='word_1_52' title='bbox 179 1091 303 1132; x_wconf 89' lang='lat' dir='ltr'><strong>batus</strong></span> <span class='ocrx_word' id='word_1_53' title='bbox 340 1096 382 1132; x_wconf 88' lang='lat' dir='ltr'><strong>et</strong></span> <span class='ocrx_word' id='word_1_54' title='bbox 419 1096 593 1145; x_wconf 85' lang='lat' dir='ltr'><strong>augusto</strong></span> <span class='ocrx_word' id='word_1_55' title='bbox 629 1091 731 1145; x_wconf 84' lang='lat' dir='ltr'><strong>Regi</strong></span> <span class='ocrx_word' id='word_1_56' title='bbox 770 1079 1079 1131; x_wconf 72' lang='lat' dir='ltr'><strong>commendatus</strong></span> <span class='ocrx_word' id='word_1_57' title='bbox 1114 1090 1221 1131; x_wconf 92' lang='lat' dir='ltr'><strong>hanc</strong></span> <span class='ocrx_word' id='word_1_58' title='bbox 1262 1089 1337 1130; x_wconf 93' lang='lat' dir='ltr'><strong>do-</strong></span> 
     </span>
     <span class='ocr_line' id='line_1_11' title="bbox 181 1161 1337 1225; baseline 0 -20"><span class='ocrx_word' id='word_1_59' title='bbox 181 1162 299 1206; x_wconf 88' lang='lat' dir='ltr'><strong>cendi</strong></span> <span class='ocrx_word' id='word_1_60' title='bbox 335 1162 586 1220; x_wconf 87' lang='lat' dir='ltr'><strong>provinciam</strong></span> <span class='ocrx_word' id='word_1_61' title='bbox 619 1161 792 1225; x_wconf 69' lang='lat' dir='ltr'><strong>adeptus</strong></span> <span class='ocrx_word' id='word_1_62' title='bbox 823 1176 935 1216; x_wconf 92' lang='lat' dir='ltr'><strong>sum,</strong></span> <span class='ocrx_word' id='word_1_63' title='bbox 982 1177 1064 1218; x_wconf 90' lang='lat' dir='ltr'><strong>qua</strong></span> <span class='ocrx_word' id='word_1_64' title='bbox 1107 1162 1210 1204; x_wconf 86' lang='lat' dir='ltr'><strong>nihil</strong></span> <span class='ocrx_word' id='word_1_65' title='bbox 1238 1163 1337 1205; x_wconf 87' lang='lat' dir='ltr'><strong>mihi</strong></span> 
     </span>
     <span class='ocr_line' id='line_1_12' title="bbox 177 1235 1336 1292; baseline 0 -14"><span class='ocrx_word' id='word_1_66' title='bbox 177 1236 242 1278; x_wconf 86' lang='lat' dir='ltr'><strong>vel</strong></span> <span class='ocrx_word' id='word_1_67' title='bbox 279 1235 616 1278; x_wconf 89' lang='lat' dir='ltr'><strong>honorificentius</strong></span> <span class='ocrx_word' id='word_1_68' title='bbox 655 1235 719 1276; x_wconf 88' lang='lat' dir='ltr'><strong>vel</strong></span> <span class='ocrx_word' id='word_1_69' title='bbox 765 1237 995 1292; x_wconf 81' lang='lat' dir='ltr'><strong>exoptatius</strong></span> <span class='ocrx_word' id='word_1_70' title='bbox 1034 1241 1197 1292; x_wconf 90' lang='lat' dir='ltr'><strong>poterat</strong></span> <span class='ocrx_word' id='word_1_71' title='bbox 1236 1251 1336 1278; x_wconf 86' lang='lat' dir='ltr'><strong>eon-</strong></span> 
     </span>
     <span class='ocr_line' id='line_1_13' title="bbox 175 1309 344 1365; baseline 0.012 -15"><span class='ocrx_word' id='word_1_72' title='bbox 175 1309 344 1365; x_wconf 86' lang='lat' dir='ltr'><strong>tingere.</strong></span> 
     </span>
    </p>

    <p class='ocr_par' dir='ltr' id='par_1_4' title="bbox 165 1381 1353 1787">
     <span class='ocr_line' id='line_1_14' title="bbox 234 1381 1331 1438; baseline -0.001 -14"><span class='ocrx_word' id='word_1_73' title='bbox 234 1382 346 1435; x_wconf 87' lang='lat' dir='ltr'><strong>Quas</strong></span> <span class='ocrx_word' id='word_1_74' title='bbox 368 1397 565 1437; x_wconf 90' lang='lat' dir='ltr'><strong>umquam</strong></span> <span class='ocrx_word' id='word_1_75' title='bbox 588 1381 711 1423; x_wconf 85' lang='lat' dir='ltr'><strong>Vobis</strong></span> <span class='ocrx_word' id='word_1_76' title='bbox 729 1381 872 1438; x_wconf 87' lang='lat' dir='ltr'><strong>dignas</strong></span> <span class='ocrx_word' id='word_1_77' title='bbox 894 1396 1009 1437; x_wconf 89' lang='lat' dir='ltr'><strong>agam</strong></span> <span class='ocrx_word' id='word_1_78' title='bbox 1032 1383 1199 1437; x_wconf 79' lang='lat' dir='ltr'><strong>gratias,</strong></span> <span class='ocrx_word' id='word_1_79' title='bbox 1219 1382 1331 1437; x_wconf 93' lang='lat' dir='ltr'><strong>quod</strong></span> 
     </span>
     <span class='ocr_line' id='line_1_15' title="bbox 174 1453 1333 1510; baseline 0 -14"><span class='ocrx_word' id='word_1_80' title='bbox 174 1468 220 1496; x_wconf 85' lang='lat' dir='ltr'><strong>ea</strong></span> <span class='ocrx_word' id='word_1_81' title='bbox 252 1454 303 1496; x_wconf 88' lang='lat' dir='ltr'><strong>de</strong></span> <span class='ocrx_word' id='word_1_82' title='bbox 335 1469 401 1496; x_wconf 92' lang='lat' dir='ltr'><strong>me</strong></span> <span class='ocrx_word' id='word_1_83' title='bbox 424 1453 651 1510; x_wconf 87' lang='lat' dir='ltr'><strong>studiisque</strong></span> <span class='ocrx_word' id='word_1_84' title='bbox 678 1453 777 1495; x_wconf 89' lang='lat' dir='ltr'><strong>meis</strong></span> <span class='ocrx_word' id='word_1_85' title='bbox 804 1467 968 1509; x_wconf 88' lang='lat' dir='ltr'><strong>sperare</strong></span> <span class='ocrx_word' id='word_1_86' title='bbox 998 1454 1041 1494; x_wconf 89' lang='lat' dir='ltr'><strong>in</strong></span> <span class='ocrx_word' id='word_1_87' title='bbox 1064 1454 1247 1495; x_wconf 88' lang='lat' dir='ltr'><strong>animum</strong></span> <span class='ocrx_word' id='word_1_88' title='bbox 1274 1455 1333 1496; x_wconf 87' lang='lat' dir='ltr'><strong>in·</strong></span> 
     </span>
     <span class='ocr_line' id='line_1_16' title="bbox 173 1526 1353 1582; baseline 0 -13"><span class='ocrx_word' id='word_1_89' title='bbox 173 1528 366 1582; x_wconf 87' lang='lat' dir='ltr'><strong>duxistis,</strong></span> <span class='ocrx_word' id='word_1_90' title='bbox 399 1532 445 1569; x_wconf 87' lang='lat' dir='ltr'><strong>ut</strong></span> <span class='ocrx_word' id='word_1_91' title='bbox 475 1527 551 1569; x_wconf 91' lang='lat' dir='ltr'><strong>hos</strong></span> <span class='ocrx_word' id='word_1_92' title='bbox 580 1527 745 1568; x_wconf 87' lang='lat' dir='ltr'><strong>iuvenes</strong></span> <span class='ocrx_word' id='word_1_93' title='bbox 780 1526 831 1568; x_wconf 88' lang='lat' dir='ltr'><strong>ad</strong></span> <span class='ocrx_word' id='word_1_94' title='bbox 861 1541 1024 1569; x_wconf 91' lang='lat' dir='ltr'><strong>omnem</strong></span> <span class='ocrx_word' id='word_1_95' title='bbox 1055 1526 1207 1569; x_wconf 90' lang='lat' dir='ltr'><strong>solidae</strong></span> <span class='ocrx_word' id='word_1_96' title='bbox 1238 1542 1353 1569; x_wconf 89' lang='lat' dir='ltr'><strong>eru·-</strong></span> 
     </span>
     <span class='ocr_line' id='line_1_17' title="bbox 165 1599 1331 1643; baseline -0.001 0"><span class='ocrx_word' id='word_1_97' title='bbox 165 1601 329 1643; x_wconf 85' lang='lat' dir='ltr'><strong>ditionis</strong></span> <span class='ocrx_word' id='word_1_98' title='bbox 360 1605 401 1642; x_wconf 90' lang='lat' dir='ltr'><strong>et</strong></span> <span class='ocrx_word' id='word_1_99' title='bbox 423 1615 540 1642; x_wconf 86' lang='lat' dir='ltr'><strong>verae</strong></span> <span class='ocrx_word' id='word_1_100' title='bbox 564 1599 828 1642; x_wconf 89' lang='lat' dir='ltr'><strong>humanitatis</strong></span> <span class='ocrx_word' id='word_1_101' title='bbox 855 1599 1017 1641; x_wconf 89' lang='lat' dir='ltr'><strong>laudem</strong></span> <span class='ocrx_word' id='word_1_102' title='bbox 1051 1600 1331 1642; x_wconf 85' lang='lat' dir='ltr'><strong>informandos</strong></span> 
     </span>
     <span class='ocr_line' id='line_1_18' title="bbox 167 1671 1329 1728; baseline 0 -13"><span class='ocrx_word' id='word_1_103' title='bbox 167 1688 282 1715; x_wconf 89' lang='lat' dir='ltr'><strong>meae</strong></span> <span class='ocrx_word' id='word_1_104' title='bbox 319 1673 578 1728; x_wconf 89' lang='lat' dir='ltr'><strong>potissimum</strong></span> <span class='ocrx_word' id='word_1_105' title='bbox 612 1686 735 1713; x_wconf 87' lang='lat' dir='ltr'><strong>curae</strong></span> <span class='ocrx_word' id='word_1_106' title='bbox 767 1686 814 1713; x_wconf 91' lang='lat' dir='ltr'><strong>ac</strong></span> <span class='ocrx_word' id='word_1_107' title='bbox 849 1671 943 1714; x_wconf 91' lang='lat' dir='ltr'><strong>fidei</strong></span> <span class='ocrx_word' id='word_1_108' title='bbox 975 1674 1229 1715; x_wconf 83' lang='lat' dir='ltr'><strong>committere</strong></span> <span class='ocrx_word' id='word_1_109' title='bbox 1257 1688 1329 1715; x_wconf 90' lang='lat' dir='ltr'><strong>vo-</strong></span> 
     </span>
     <span class='ocr_line' id='line_1_19' title="bbox 169 1745 340 1787; baseline 0 -2"><span class='ocrx_word' id='word_1_110' title='bbox 169 1745 340 1787; x_wconf 87' lang='lat' dir='ltr'><strong>lueritis.</strong></span> 
     </span>
    </p>

    <p class='ocr_par' dir='ltr' id='par_1_5' title="bbox 164 1816 1330 2385">
     <span class='ocr_line' id='line_1_20' title="bbox 225 1816 1324 1873; baseline 0.001 -15"><span class='ocrx_word' id='word_1_111' title='bbox 225 1816 342 1858; x_wconf 87' lang='lat' dir='ltr'><strong>Hanc</strong></span> <span class='ocrx_word' id='word_1_112' title='bbox 368 1830 443 1872; x_wconf 83' lang='lat' dir='ltr'><strong>ego</strong></span> <span class='ocrx_word' id='word_1_113' title='bbox 463 1816 646 1857; x_wconf 85' lang='lat' dir='ltr'><strong>Vestram</strong></span> <span class='ocrx_word' id='word_1_114' title='bbox 671 1830 785 1873; x_wconf 90' lang='lat' dir='ltr'><strong>spem</strong></span> <span class='ocrx_word' id='word_1_115' title='bbox 806 1822 847 1858; x_wconf 89' lang='lat' dir='ltr'><strong>et</strong></span> <span class='ocrx_word' id='word_1_116' title='bbox 866 1817 1060 1859; x_wconf 90' lang='lat' dir='ltr'><strong>fiduciam</strong></span> <span class='ocrx_word' id='word_1_117' title='bbox 1085 1832 1137 1859; x_wconf 92' lang='lat' dir='ltr'><strong>ne</strong></span> <span class='ocrx_word' id='word_1_118' title='bbox 1163 1817 1324 1872; x_wconf 86' lang='lat' dir='ltr'><strong>fallam,</strong></span> 
     </span>
     <span class='ocr_line' id='line_1_21' title="bbox 167 1889 1328 1948; baseline 0.001 -16"><span class='ocrx_word' id='word_1_119' title='bbox 167 1891 200 1932; x_wconf 89' lang='lat' dir='ltr'><strong>si</strong></span> <span class='ocrx_word' id='word_1_120' title='bbox 223 1889 324 1946; x_wconf 90' lang='lat' dir='ltr'><strong>quid</strong></span> <span class='ocrx_word' id='word_1_121' title='bbox 350 1894 412 1931; x_wconf 89' lang='lat' dir='ltr'><strong>est</strong></span> <span class='ocrx_word' id='word_1_122' title='bbox 435 1890 477 1930; x_wconf 89' lang='lat' dir='ltr'><strong>in</strong></span> <span class='ocrx_word' id='word_1_123' title='bbox 499 1904 563 1930; x_wconf 91' lang='lat' dir='ltr'><strong>me</strong></span> <span class='ocrx_word' id='word_1_124' title='bbox 590 1890 737 1945; x_wconf 89' lang='lat' dir='ltr'><strong>ingenii</strong></span> <span class='ocrx_word' id='word_1_125' title='bbox 762 1890 1086 1947; x_wconf 84' lang='lat' dir='ltr'><strong>industriaeque,</strong></span> <span class='ocrx_word' id='word_1_126' title='bbox 1116 1892 1227 1932; x_wconf 90' lang='lat' dir='ltr'><strong>omni</strong></span> <span class='ocrx_word' id='word_1_127' title='bbox 1250 1905 1328 1948; x_wconf 89' lang='lat' dir='ltr'><strong>ope</strong></span> 
     </span>
     <span class='ocr_line' id='line_1_22' title="bbox 166 1961 1322 2019; baseline 0 -14"><span class='ocrx_word' id='word_1_128' title='bbox 166 1963 413 2019; x_wconf 84' lang='lat' dir='ltr'><strong>intentisque</strong></span> <span class='ocrx_word' id='word_1_129' title='bbox 433 1961 588 2004; x_wconf 88' lang='lat' dir='ltr'><strong>viribus</strong></span> <span class='ocrx_word' id='word_1_130' title='bbox 605 1961 795 2005; x_wconf 88' lang='lat' dir='ltr'><strong>omnibus</strong></span> <span class='ocrx_word' id='word_1_131' title='bbox 817 1968 982 2006; x_wconf 86' lang='lat' dir='ltr'><strong>strenue</strong></span> <span class='ocrx_word' id='word_1_132' title='bbox 1006 1964 1148 2005; x_wconf 87' lang='lat' dir='ltr'><strong>enitar.</strong></span> <span class='ocrx_word' id='word_1_133' title='bbox 1182 1963 1237 2005; x_wconf 91' lang='lat' dir='ltr'><strong>At</strong></span> <span class='ocrx_word' id='word_1_134' title='bbox 1257 1964 1322 2006; x_wconf 89' lang='lat' dir='ltr'><strong>vel</strong></span> 
     </span>
     <span class='ocr_line' id='line_1_23' title="bbox 169 2036 1327 2080; baseline 0 -1"><span class='ocrx_word' id='word_1_135' title='bbox 169 2038 226 2079; x_wconf 86' lang='lat' dir='ltr'><strong>sic</strong></span> <span class='ocrx_word' id='word_1_136' title='bbox 258 2043 393 2078; x_wconf 90' lang='lat' dir='ltr'><strong>tamen</strong></span> <span class='ocrx_word' id='word_1_137' title='bbox 423 2050 564 2077; x_wconf 88' lang='lat' dir='ltr'><strong>vereor</strong></span> <span class='ocrx_word' id='word_1_138' title='bbox 594 2051 645 2077; x_wconf 93' lang='lat' dir='ltr'><strong>ne</strong></span> <span class='ocrx_word' id='word_1_139' title='bbox 671 2036 802 2077; x_wconf 88' lang='lat' dir='ltr'><strong>multa</strong></span> <span class='ocrx_word' id='word_1_140' title='bbox 839 2038 880 2077; x_wconf 90' lang='lat' dir='ltr'><strong>in</strong></span> <span class='ocrx_word' id='word_1_141' title='bbox 913 2052 977 2078; x_wconf 92' lang='lat' dir='ltr'><strong>me</strong></span> <span class='ocrx_word' id='word_1_142' title='bbox 1010 2038 1094 2078; x_wconf 84' lang='lat' dir='ltr'><strong>sitis</strong></span> <span class='ocrx_word' id='word_1_143' title='bbox 1124 2037 1327 2080; x_wconf 86' lang='lat' dir='ltr'><strong>desidera-</strong></span> 
     </span>
     <span class='ocr_line' id='line_1_24' title="bbox 168 2106 1327 2166; baseline 0 -14"><span class='ocrx_word' id='word_1_144' title='bbox 168 2111 275 2165; x_wconf 85' lang='lat' dir='ltr'><strong>turi,</strong></span> <span class='ocrx_word' id='word_1_145' title='bbox 309 2123 414 2166; x_wconf 90' lang='lat' dir='ltr'><strong>quae</strong></span> <span class='ocrx_word' id='word_1_146' title='bbox 444 2123 494 2150; x_wconf 92' lang='lat' dir='ltr'><strong>ne</strong></span> <span class='ocrx_word' id='word_1_147' title='bbox 530 2106 728 2164; x_wconf 60' lang='lat' dir='ltr'><strong>perpsetuo</strong></span> <span class='ocrx_word' id='word_1_148' title='bbox 759 2107 892 2149; x_wconf 81' lang='lat' dir='ltr'><strong>desint</strong></span> <span class='ocrx_word' id='word_1_149' title='bbox 922 2110 1120 2151; x_wconf 88' lang='lat' dir='ltr'><strong>maturior</strong></span> <span class='ocrx_word' id='word_1_150' title='bbox 1150 2116 1258 2152; x_wconf 82' lang='lat' dir='ltr'><strong>aetas</strong></span> <span class='ocrx_word' id='word_1_151' title='bbox 1287 2116 1327 2152; x_wconf 89' lang='lat' dir='ltr'><strong>et</strong></span> 
     </span>
     <span class='ocr_line' id='line_1_25' title="bbox 164 2180 1330 2238; baseline -0.003 -12"><span class='ocrx_word' id='word_1_152' title='bbox 164 2184 324 2225; x_wconf 88' lang='lat' dir='ltr'><strong>assidua</strong></span> <span class='ocrx_word' id='word_1_153' title='bbox 368 2182 623 2235; x_wconf 89' lang='lat' dir='ltr'><strong>exercitatio,</strong></span> <span class='ocrx_word' id='word_1_154' title='bbox 667 2195 808 2237; x_wconf 86' lang='lat' dir='ltr'><strong>spero,</strong></span> <span class='ocrx_word' id='word_1_155' title='bbox 842 2180 1032 2223; x_wconf 79' lang='lat' dir='ltr'><strong>efficient.</strong></span> <span class='ocrx_word' id='word_1_156' title='bbox 1094 2183 1174 2224; x_wconf 86' lang='lat' dir='ltr'><strong>Sed</strong></span> <span class='ocrx_word' id='word_1_157' title='bbox 1209 2182 1330 2238; x_wconf 89' lang='lat' dir='ltr'><strong>quid-</strong></span> 
     </span>
     <span class='ocr_line' id='line_1_26' title="bbox 168 2255 1326 2314; baseline -0.003 -15"><span class='ocrx_word' id='word_1_158' title='bbox 168 2257 271 2314; x_wconf 90' lang='lat' dir='ltr'><strong>quid</strong></span> <span class='ocrx_word' id='word_1_159' title='bbox 309 2255 587 2300; x_wconf 84' lang='lat' dir='ltr'><strong>desiderabitis</strong></span> <span class='ocrx_word' id='word_1_160' title='bbox 630 2261 791 2311; x_wconf 84' lang='lat' dir='ltr'><strong>gratum</strong></span> <span class='ocrx_word' id='word_1_161' title='bbox 836 2270 931 2311; x_wconf 89' lang='lat' dir='ltr'><strong>erga</strong></span> <span class='ocrx_word' id='word_1_162' title='bbox 971 2256 1198 2313; x_wconf 79' lang='lat' dir='ltr'><strong>Principem</strong></span> <span class='ocrx_word' id='word_1_163' title='bbox 1239 2255 1326 2296; x_wconf 79' lang='lat' dir='ltr'><strong>ani-</strong></span> 
     </span>
     <span class='ocr_line' id='line_1_27' title="bbox 164 2329 1326 2385; baseline 0 -14"><span class='ocrx_word' id='word_1_164' title='bbox 164 2344 298 2385; x_wconf 89' lang='lat' dir='ltr'><strong>mum,</strong></span> <span class='ocrx_word' id='word_1_165' title='bbox 331 2344 533 2373; x_wconf 87' lang='lat' dir='ltr'><strong>summam</strong></span> <span class='ocrx_word' id='word_1_166' title='bbox 561 2332 604 2373; x_wconf 92' lang='lat' dir='ltr'><strong>in</strong></span> <span class='ocrx_word' id='word_1_167' title='bbox 635 2331 759 2374; x_wconf 81' lang='lat' dir='ltr'><strong>Vobis</strong></span> <span class='ocrx_word' id='word_1_168' title='bbox 788 2331 970 2373; x_wconf 82' lang='lat' dir='ltr'><strong>colendis</strong></span> <span class='ocrx_word' id='word_1_169' title='bbox 997 2337 1038 2373; x_wconf 87' lang='lat' dir='ltr'><strong>ct</strong></span> <span class='ocrx_word' id='word_1_170' title='bbox 1065 2329 1326 2371; x_wconf 86' lang='lat' dir='ltr'><strong>observandis</strong></span> 
     </span>
    </p>
   </div>
  </div>
 </body>
</html>
