1572 2801
716 259 804 303 145

181 395 301 439 situm
319 397 395 441 est,
418 391 532 445 quod
548 402 711 440 novum,
736 398 805 432 aut
824 404 914 434 cum
937 393 1030 451 φιλεῖ
1045 382 1365 451 consungendum

180 458 294 511 quod
320 459 438 509 plane
465 457 515 495 ab
540 458 620 495 hoe
647 458 737 496 loco
762 460 930 498 alienum
957 468 1026 499 est.
1070 462 1174 500 Alibi
1200 464 1270 501 ista
1296 464 1364 502 ad·

178 525 392 564 ditamenta
411 523 452 562 in
472 522 605 561 locum
627 523 812 576 antiquae
830 525 1047 578 scripturae
1070 539 1163 567 casu
1185 528 1364 581 quodam

181 592 275 632 olim
298 591 448 629 deletae
471 596 761 636 successerunt,
792 597 835 629 ut
860 592 902 630 in
926 593 1068 634 Avium
1091 609 1145 634 νε.
1168 595 1248 635 395
1269 609 1359 648 sqq.

473 654 494 694 ὁ
520 654 736 711 Κεραμεικὸς
760 655 903 705 δέξεται
929 660 991 713 νῴ.

471 722 629 775 δημόσια
656 724 729 779 γὰρ
756 727 811 762 ἵνα
839 729 1004 779 ταφῶμεν

472 792 621 845 φήσομεν
647 789 732 843 πρὸς
761 788 840 834 τοὺς
865 790 1066 844 ςρατηγοὺς

472 857 666 909 μαχομένω
693 858 765 901 τοῖς
791 856 996 908 πολεμίοισιν

471 922 674 961 α’ποθανεῖν
701 921 736 960 ἐν
762 921 936 976 Ὀρνεαῖς.

172 1000 344 1041 quorum
382 988 578 1027 secundus
617 988 820 1027 insanabili
865 987 1003 1026 morbo
1044 987 1217 1034 laborat,
1261 1002 1355 1028 nam

170 1056 324 1110 δημόσια
352 1061 524 1111 ταφῆναι,
553 1056 665 1108 quod
689 1061 856 1093 metrum
877 1055 1069 1108 postulat,
1099 1069 1173 1108 pro
1195 1054 1353 1110 δημοσίᾳ

168 1123 249 1161 dici
276 1136 356 1161 non
383 1128 524 1174 potest.
565 1120 825 1160 statuendum
850 1119 970 1171 igitur
992 1126 1048 1158 est
1070 1121 1229 1172 periisse
1246 1128 1355 1161 vete-

169 1202 252 1227 rem
274 1189 525 1240 scripturam,
551 1188 736 1225 lacunam
754 1186 897 1224 deinde
920 1192 1137 1237 utcumque
1158 1187 1356 1237 expletam

167 1267 247 1293 esse
288 1250 339 1292 ab
376 1266 446 1299 eo,
488 1253 559 1305 qui
594 1264 675 1290 non
712 1251 802 1290 satis
837 1251 967 1289 Attice
1000 1250 1128 1288 sciret.
1185 1250 1356 1291 Omnino

168 1318 303 1370 aliqua
332 1317 534 1355 calamitas
554 1317 710 1354 videtur
736 1316 830 1353 olim
857 1316 961 1353 hanc
985 1322 1139 1367 partem
1166 1317 1356 1367 pulcher-

165 1384 287 1422 rimae
307 1383 466 1422 fabulae
492 1383 683 1421 afflixisse.
726 1383 847 1421 Multa
870 1388 959 1421 sunt
984 1383 1025 1421 in
1051 1383 1217 1430 vicinia,
1246 1397 1354 1436 quae

166 1449 370 1488 teterrimis
396 1448 521 1486 modis
553 1448 761 1500 inquinata
788 1453 900 1493 sunt,
931 1453 975 1485 ut
1004 1460 1117 1486 rarae
1152 1461 1352 1502 superesse

165 1515 373 1554 videantur
401 1514 594 1566 genuinae
626 1514 804 1552 lectionis
835 1513 1047 1566 reliquiae,
1078 1527 1178 1566 quas
1212 1522 1352 1568 postea

166 1580 418 1632 Grammatici
440 1580 583 1618 sarcire
603 1586 641 1618 et
661 1581 845 1632 supplere
868 1580 1000 1618 conati
1021 1586 1110 1618 sunt
1128 1594 1203 1620 nec
1225 1590 1351 1623 metro

164 1646 255 1686 satis
269 1646 514 1684 consulentes
527 1657 601 1683 nec
616 1645 782 1683 sermoni
797 1644 941 1683 Attico.
967 1645 1140 1684 Diximus
1159 1659 1279 1699 supra
1299 1648 1351 1687 de

160 1712 333 1752 versibus
346 1709 570 1751 417—420.
592 1710 679 1748 Non
692 1710 818 1748 multo
830 1711 1000 1749 saniores
1014 1717 1103 1750 sunt
1115 1710 1156 1748 hi
1166 1711 1247 1750 423
1253 1725 1346 1765 sqq.

508 1775 559 1814 σὰ
585 1778 703 1816 ταῦτα
729 1777 853 1814 πάντα
879 1772 940 1813 καὶ

507 1842 548 1882 τὸ
575 1841 662 1895 τῇδε
690 1841 750 1882 καὶ
777 1841 816 1883 τὰ
840 1844 937 1883 κεῖσε
963 1841 1025 1882 καί

507 1909 547 1949 τὸ
573 1909 678 1966 δεῦρο
705 1908 895 1965 προσβιβᾷ
920 1910 1049 1963 λέγων.

160 1983 326 2033 apparet
350 1990 398 2016 ex
423 1975 575 2015 scholio
600 1976 780 2029 quamvis
803 1982 993 2029 corrupto
1020 1975 1160 2015 dixisse
1181 1974 1343 2016 Poe‘tam

161 2046 204 2086 τὸ
232 2047 329 2086 κεῖσε
360 2042 421 2083 καὶ
448 2043 489 2083 τό
516 2041 623 2098 δεῦρο
649 2055 723 2094 pro
750 2043 909 2094 vulgata
937 2043 1156 2082 locutione:
1188 2041 1228 2082 τό
1253 2042 1341 2095 τῇδε

160 2111 222 2153 καὶ
254 2112 295 2153 τὸ
322 2112 442 2163 κεῖσε,
476 2121 584 2148 nunc
613 2114 826 2159 utrumque
857 2106 943 2161 τῇδε
968 2113 1006 2146 et
1039 2107 1144 2163 δεῦρο
1178 2108 1342 2161 pessime

162 2178 386 2230 copulatur.
423 2173 612 2231 προσβιβᾷ
646 2179 702 2212 est
737 2173 817 2211 rere
842 2173 947 2212 idem
979 2174 1092 2226 quod
1120 2175 1241 2215 πείσει.
1269 2174 1342 2213 ita·

161 2255 242 2295 que
273 2243 403 2298 potuit
427 2240 618 2281 scrihere:

454 2308 496 2349 τὸ
522 2309 615 2347 κεῖσε
643 2304 703 2346 καὶ
731 2305 771 2345 τὸ
798 2306 902 2362 δεῦρο
928 2307 989 2347 καὶ

452 2377 593 2423 πάντως
618 2389 659 2415 σε
687 2371 873 2430 προσβιβᾷ
898 2373 1035 2428 λέγων,
