1572 2801
739 246 792 290 11
800 248 826 289 7

183 386 354 422 vertunt:
381 383 511 419 omnis
531 393 603 419 ars
627 384 862 419 necessario
886 381 1051 420 adhibet
1069 381 1376 436 disciplinamf..

182 448 382 493 laborem,
411 452 579 493 metum,
603 447 772 500 plagas.
819 446 957 484 Mirum
982 449 1023 484 ni
1050 448 1096 485 sit
1125 447 1259 500 aliqua
1290 462 1361 488 ca-

181 528 244 553 sus
282 515 469 566 enallage.
507 536 560 543 —-
595 516 646 560 τίς
680 515 753 570 γὰρ
794 513 865 553 ἀπὸ
908 513 1047 553 δείπνου
1086 514 1172 554 ποτὲ
1211 517 1362 559 ἀπῆλθε

182 578 314 618 κλαίων
341 583 463 633 ὥσπερ
483 579 578 624 τινὰς
599 578 639 617 ἐκ
665 584 734 618 τῶν
757 577 991 618 διδασκάλων
1016 580 1163 635 ὁρῶμεν.
1195 582 1360 622 Codices

183 651 313 683 tamen
350 643 607 709 διδασκαλείων
646 645 846 684 dederant.
908 646 1023 684 Error
1062 654 1177 687 natus
1217 655 1273 688 est
1312 663 1359 688 ex

183 723 376 774 scriptura
399 698 561 764 adom}
580 736 590 762 ε
619 721 712 761 mox
735 723 952 761 Marcianus
973 730 1078 762 recte
1105 726 1149 771 εἷς
1178 728 1225 765 τὰ
1250 726 1360 766 διδα-

181 790 355 841 σκαλεῖα,
384 792 501 843 vulgo
529 790 637 828 abest
663 789 861 827 articulus.
885 812 938 817 ——
959 791 1007 842 μὴ
1037 789 1136 830 δότε.
1167 792 1357 831 Iacobitz.

184 856 319 894 saltem
344 857 440 895 vidit
474 858 532 909 μὴ
556 854 654 895 δῶτε
686 867 765 892 esse
800 854 1071 901 scribendum,
1113 862 1152 894 at
1186 857 1361 907 recipere

183 935 299 960 ausus
318 935 398 960 non
423 928 492 960 est.
529 920 753 959 Dindorfius
776 919 976 965 festinans,
1008 922 1170 972 opinor,
1202 921 1363 959 foedum

181 987 452 1025 soloecismum
487 986 663 1025 servavit.
701 1007 754 1013 -—-
790 984 827 1023 τό
856 991 1010 1039 πρᾶγμα
1046 986 1104 1024 καὶ
1137 990 1270 1041 ἔντιμον
1302 987 1361 1027 καὶ

181 1051 219 1092 ἐν
258 1054 409 1109 τιμωρίᾳ
451 1055 544 1107 μέγα
581 1053 766 1108 φαίνεται,
813 1052 958 1091 scribe:
1002 1052 1060 1092 καὶ
1099 1053 1134 1093 ἐν
1177 1061 1259 1108 τιμῇ
1303 1054 1364 1095 καὶ

184 1118 221 1158 ἐν
248 1122 413 1177 τιμωρίᾳ.
463 1122 485 1172 §
521 1120 580 1158 14.
617 1120 635 1158 ὁ
667 1118 708 1158 δὲ
742 1120 940 1172 παράσιτος
978 1119 1046 1172 οὐχ
1079 1123 1192 1175 ἕτερον
1231 1123 1292 1174 μέν
1330 1136 1363 1160 τι

184 1186 300 1226 διώκει
334 1188 431 1228 ἀλλὰ
458 1188 498 1227 τὸ
523 1186 610 1227 αὐτὸ
637 1184 702 1225 καὶ
727 1187 828 1240 ἔργον
858 1184 933 1231 ἐςὶν
970 1186 1079 1227 αὐτοῦ
1105 1188 1165 1227 καὶ
1192 1185 1231 1228 οὗ
1263 1191 1364 1228 ἕνεκα

182 1255 349 1306 γίγνεται.
388 1254 589 1292 Manifesta
614 1254 758 1290 lacuna
781 1254 836 1289 sic
867 1254 1061 1303 explenda
1091 1255 1262 1292 videtur:
1294 1255 1363 1307 οὐχ

182 1321 294 1376 ἕτερον
326 1320 388 1373 μέν
419 1335 463 1359 τι-
484 1319 651 1374 [πράττει
661 1350 678 1370 ,
716 1319 829 1372 ἕτερον
860 1316 919 1370 δὲ]
958 1316 1091 1358 διώκει.
1134 1326 1218 1359 tum
1255 1321 1358 1374 lege:

183 1386 244 1425 καὶ
273 1387 311 1427 τὸ
341 1385 379 1426 οὗ
406 1389 504 1426 ἕνεκα
529 1388 699 1440 γίγνεται.
735 1386 782 1422 15
805 1385 864 1424 καὶ
885 1388 952 1437 μὴν
979 1386 1094 1425 ἐκεῖνοί
1117 1403 1157 1438 γε
1168 1420 1184 1438 ,
1212 1388 1363 1426 scribe:

184 1452 317 1506 ἐκεῖνο,
346 1467 437 1492 nam
464 1454 629 1492 refertur
657 1452 707 1490 ad
736 1464 818 1489 rem
843 1466 982 1490 unam.
1011 1475 1061 1481 —-
1082 1453 1207 1508 ἑορτὰς
1239 1453 1363 1494 διατε-

183 1519 306 1571 λοῦσι,
334 1520 527 1558 Graecum
563 1525 638 1557 est:
668 1517 871 1557 ἐπιτελοῦσι.
914 1519 936 1568 §
970 1518 1029 1556 16.
1073 1520 1195 1571 Lege:
1225 1542 1277 1548 —
1306 1536 1363 1559 νο-

184 1588 318 1632 σοῦντες
328 1618 344 1638 ,
372 1586 504 1628 ταύτην
530 1583 573 1625 δὲ
595 1587 656 1627 τὴν
676 1585 802 1637 τέχνην
825 1582 1050 1629 πολυποσίαις
1074 1585 1134 1624 καὶ
1154 1585 1365 1633 πολυσιτίαις

181 1650 461 1706 εὐφραινομένους
497 1653 551 1695 ἔςι
590 1651 812 1702 μανθάνειν,
855 1649 966 1686 cuius
1006 1649 1183 1688 lectionis
1222 1653 1368 1691 funda-

180 1722 355 1755 mentum
379 1723 434 1755 est
462 1717 503 1755 in
529 1717 729 1755 Marciano
754 1715 913 1754 codice:
943 1714 1053 1756 αὐτὴν
1078 1713 1119 1756 δὲ
1149 1719 1211 1760 τὴν
1236 1720 1362 1772 τέχνην

181 1804 235 1810 —-
260 1782 518 1838 εὐφραινομένου
552 1785 759 1835 μανθάνειν.
804 1783 826 1833 §
862 1783 921 1821 17.
952 1785 1042 1828 αὕτη
1072 1783 1115 1823 δὲ
1145 1786 1254 1831 οὕτως
1288 1789 1362 1832 ἔςιν

181 1849 309 1902 ἀγαθὴ
328 1872 381 1880 —-
402 1854 475 1895 ὥςε
500 1849 657 1905 ὑπάρχει
686 1850 746 1889 καὶ
778 1847 892 1902 μηδὲν
912 1851 1029 1901 ἔχοντι
1060 1850 1169 1890 ὅπλον
1196 1854 1362 1908 χρῆσθαι

180 1915 287 1968 αὐτῇ.
330 1918 434 1969 lege:
472 1919 622 1973 παρέχει
653 1917 712 1956 καὶ
744 1921 795 1967 τῷ
827 1914 937 1968 μηδέν
970 1917 1046 1956 κτὲ.
1086 1931 1177 1955 nam
1204 1918 1360 1975 ὑπάρχει

181 1995 255 2034 pro
281 1981 374 2030 ἕξεςι
399 1984 478 2021 dici
505 1996 586 2022 non
608 1989 746 2036 potest.
779 1983 801 2034 §
837 1981 899 2020 19.
929 1985 1026 2022 κατὰ
1060 1984 1252 2040 Σωκράτη.
1280 1999 1361 2024 me-

180 2049 255 2086 lius
276 2050 511 2087 Marcianus:
541 2051 639 2089 κατά
664 2049 721 2089 τὸν
749 2050 961 2103 Σωκράτην.
994 2050 1016 2099 §
1040 2051 1105 2087 22.
1137 2052 1293 2097 ποταπὸς
1317 2052 1358 2092 δὲ

181 2110 278 2160 οὗτος
316 2115 333 2154 ὁ
367 2115 489 2171 φίλος,
527 2116 656 2154 deleto
695 2115 861 2153 articulo
901 2115 1075 2152 restitues
1112 2117 1356 2156 sententiam.

182 2181 205 2231 §
227 2183 293 2219 25.
317 2182 376 2221 καὶ
400 2184 468 2235 μὴν
489 2182 621 2238 ῥήτορά
640 2196 693 2221 τε.
724 2180 850 2218 Scrib.
874 2196 928 2233 γε.
954 2203 1006 2208 —
1028 2179 1093 2220 οἷον
1115 2187 1242 2236 χρῆμα
1264 2184 1355 2224 ἀπο-

181 2247 283 2301 φαίνῃ
303 2250 366 2290 τὴν
386 2252 633 2305 παρασιτικήν.
675 2247 840 2298 Propius
867 2260 958 2285 vero
990 2247 1228 2287 Marcianus:
1263 2252 1355 2290 ἀπο-

180 2316 310 2366 φαίνει,
328 2328 420 2353 nam
440 2316 689 2354 scribendum
712 2319 766 2351 est
784 2314 1152 2369 ἀποφαινεις.-ἀντὶ
1175 2316 1298 2355 τούτου
1322 2322 1356 2364 ὅς

181 2379 261 2433 εἶμι.
294 2380 441 2421 Graece
455 2381 684 2422 dicendum:
705 2379 784 2421 ἀντὶ
804 2383 864 2420 τοῦ
877 2383 912 2426 ὅς
930 2380 1011 2433 εἰμι.
1035 2380 1057 2431 §
1074 2379 1139 2420 26.
1155 2382 1235 2438 φέρε
1247 2382 1352 2423 δὲ·-
