1572 2801
748 244 804 286 63

189 377 294 426 τίς-η,
323 374 383 413 καὶ
409 374 474 420 τὰς
505 373 662 430 κεφαλὰς
691 374 865 428 ἀπότεμνε
900 374 958 414 καὶ
992 374 1252 423 α’νασκολόπιζε
1263 407 1278 427 ,
1319 374 1368 420 ὡς

186 442 326 483 εἰδῶσιν
352 444 536 497 ἄνθρωποι
560 446 665 488 ὄντες.
697 441 764 479 ubi
788 455 902 479 nemo
922 442 1117 480 dubitabit
1137 443 1216 481 καῖ’
1243 442 1370 486 αὐτούς

187 508 374 554 seribere,
405 511 474 560 qui
503 509 663 560 quidem
687 510 819 545 locum
842 514 948 545 recte
970 508 1209 545 intellexerit.
1252 509 1366 545 Nunc

184 574 297 612 video
334 581 370 612 et
398 575 447 612 ab
476 576 581 618 aliis,
611 574 766 611 Struvio
806 579 843 610 et
871 573 1072 613 lacobsio.
1105 574 1207 610 hanc
1235 587 1366 611 emen-

184 639 382 678 dationem
406 653 484 678 esse
508 644 747 689 occupatam
774 644 810 676 et
839 639 970 690 inepte
998 640 1180 677 reiectam
1205 652 1225 676 a
1250 640 1367 677 Fritz-

135 745 141 759 ἱ
183 706 293 744 schio
320 707 361 743 in
388 707 564 754 Quaestt.
602 706 820 744 Lucianeis.
850 721 889 756 p.
924 707 1018 751 133,
1051 706 1119 756 qui
1148 717 1223 741 nec
1250 705 1364 741 intel-

182 772 275 810 lexit
311 784 399 809 eum
432 772 563 809 locum
603 777 640 808 et
677 771 1037 823 interpretationem
1074 770 1203 808 attulit
1237 781 1282 806 ex
1318 781 1364 806 eo

181 848 348 887 genere,
377 848 460 886 quo
487 836 622 873 iudicii
649 848 816 874 acumen
842 837 1008 875 obtundi
1039 843 1077 874 et
1109 836 1277 887 perverti
1305 848 1365 873 sa-

181 914 274 939 nam
309 902 498 948 rationem
536 901 819 937 contendimus.
868 900 1017 952 Nempe
1054 900 1210 937 Charon
1251 900 1364 936 simul

177 968 471 1005 insolescentem
502 966 703 1003 audiverat
738 965 922 1004 Croesum
954 973 991 1003 et
1026 972 1234 1017 acceperat
1273 978 1362 1003 eum

181 1031 291 1069 brevi
330 1031 473 1068 debere
512 1030 645 1069 ἁλόντα
682 1029 738 1069 ε’πὶ
778 1033 839 1072 τὴν
874 1031 990 1084 πυρὰν
1028 1030 1096 1069 ὑπὸ
1136 1033 1196 1068 τοῦ
1234 1031 1355 1085 Κύρου

180 1097 402 1149 ἀναχθῆναι.
454 1096 575 1133 Simul
611 1095 863 1133 ferocientem
898 1095 994 1133 vidit
1022 1094 1190 1147 Cyrum,
1230 1111 1356 1148 quum

180 1162 289 1198 audit
317 1162 367 1198 de
393 1161 620 1210 Tomyride‚
652 1173 756 1210 quae
782 1163 843 1201 τὴν
868 1161 1017 1213 κεφαλὴν
1043 1163 1267 1214 ἀποτεμοῦσα
1296 1168 1355 1202 τοῦ

177 1227 297 1281 Κύρου
316 1225 350 1271 ἐς
369 1225 477 1264 ἀσκὸν
492 1224 645 1278 ἐμβαλεῖ
660 1226 776 1281 πλήρη
796 1230 957 1278 αἵματος.
990 1226 1086 1264 Tum
1100 1227 1197 1264 vidit
1215 1227 1357 1264 fastum

175 1292 411 1342 Polycratis,
443 1297 479 1327 et
508 1292 649 1327 certior
674 1291 720 1328 fit
745 1304 766 1328 a
794 1292 986 1329 Mercurio
1014 1295 1065 1330 ὅτι
1095 1292 1156 1330 καὶ
1181 1288 1279 1337 οὗτος
1301 1314 1356 1321 —-

176 1357 568 1399 ἀνασκολοπισθήσεται
604 1356 728 1401 ἅθλιος
769 1356 924 1396 ἐκπεσὼν
959 1363 1021 1402 τῆς
1056 1355 1277 1409 εὐδαιμονίας
1318 1357 1352 1397 ἐν

178 1423 311 1478 ἀκαρεῖ
346 1426 487 1478 χρόνου.
533 1423 592 1461 καὶ
627 1427 742 1462 ταῦτα
781 1425 879 1479 γὰρ,
920 1425 973 1461 ait
1010 1425 1248 1469 Mercurius,
1291 1431 1351 1471 τῆς

173 1487 351 1532 Κλωθοῦς
378 1487 570 1531 ἐπήκουσα.
625 1489 829 1526 Exsultans
857 1490 975 1540 igitur
998 1490 1143 1540 gaudio
1169 1490 1349 1537 Charon,

173 1560 216 1591 ut
244 1555 314 1606 qui
343 1556 493 1593 suturas
519 1554 778 1605 superborum
807 1554 1010 1593 hominum
1033 1568 1180 1606 poenas
1202 1562 1240 1593 et
1262 1568 1353 1595 cru-

170 1620 296 1658 ciatus
318 1622 395 1658 iam
419 1621 490 1659 sibi
513 1622 716 1671 adspicere
741 1620 942 1665 videatur,
972 1621 1181 1658 exclamat:
1209 1626 1350 1675 ἄγαμαι

168 1684 361 1729 Κλωθοῦς.
393 1691 554 1738 γεννικῶς
582 1685 658 1724 καῖ’
691 1685 817 1729 αὐτούς
842 1685 1062 1737 (Croesum)
1088 1685 1148 1724 καὶ
1174 1687 1347 1740 α’πότεμνε

167 1750 233 1795 τὰς
255 1750 410 1805 κεφαλὰς
438 1751 506 1801 (dc
529 1749 631 1800 Cyro
655 1749 818 1800 cogitat)
846 1748 907 1787 καὶ
930 1750 1183 1799 α’νασκολόπιζε
1212 1754 1345 1804 (Poly-

167 1816 345 1867 cratem).
372 1816 471 1856 Vide
494 1828 601 1854 nunc
621 1814 720 1866 quid
735 1814 968 1853 Fritzschius
992 1816 1147 1855 afferat:
1173 1818 1345 1867 »Quidni

165 1893 258 1919 vero
292 1882 347 1918 sic
379 1894 525 1918 sumas:
567 1880 708 1932 Euge,
748 1879 914 1925 Clotho,
953 1887 1123 1920 strenue
1162 1888 1200 1919 et
1231 1885 1344 1935 ipsos·

167 1947 266 1996 (non
292 1946 419 1984 minus
447 1958 568 1997 quam
596 1946 691 1983 alios
722 1948 895 1997 privatos
921 1946 1135 1998 homines),
1167 1950 1340 2001 optima,

164 2014 250 2047 tum
275 2012 479 2062 capitibus
495 2013 643 2062 priva,
675 2016 761 2047 tum
779 2012 879 2060 palo
903 2011 1063 2063 sffge,
1094 2019 1140 2050 ut
1159 2014 1343 2050 homines

166 2087 211 2114 se
238 2080 359 2114 natos
389 2075 566 2114 scz‘ant.''
619 2074 684 2113 Sic
715 2075 833 2127 igitur
869 2075 1039 2114 absurda
1077 2076 1245 2115 absurde
1276 2090 1342 2114 ex-

162 2141 398 2192 plicantur.>
431 2142 481 2177 At
524 2141 717 2178 Graecum
755 2153 835 2177 non
877 2147 952 2185 est,
998 2142 1136 2179 dixerit
1174 2143 1338 2192 aliquis,

164 2206 372 2260 α’ποτέμνειν
398 2207 474 2246 τινὰ
500 2207 564 2248 τὴν
589 2205 754 2261 κεφαλήν.
785 2212 968 2258 paratum
993 2206 1110 2245 hahet
1134 2207 1230 2253 hoc,
1258 2219 1340 2258 quo

163 2272 289 2309 omnis
329 2274 458 2311 sanior
494 2271 756 2309 Grammatica
797 2272 1047 2322 pervertitur:
1093 2272 1220 2309 »Nihil
1259 2274 1339 2311 fere

159 2336 354 2389 vulgatius
388 2350 511 2389 quam
545 2336 727 2389 privandi
763 2335 956 2376 vocabula
992 2338 1033 2375 in
1066 2336 1216 2375 Graeco
1255 2350 1337 2377 ser-
