1572 2801
745 191 799 234 1’1
806 191 834 233 6

200 331 318 375 ἄλλως
348 331 464 367 ταῦτα
489 329 581 379 ἔχειν
607 328 746 378 ἄμεινον
763 325 786 368 ἢ
804 327 877 377 ἔχει
886 355 903 377 ,
931 325 1011 362 imo
1037 336 1153 364 vero:
1181 328 1230 380 μὴ
1249 328 1294 368 ἂν
1317 329 1386 369 ἅλ-

197 398 269 441 λως
301 401 345 433 ut
368 393 590 447 significare
615 391 758 443 possit:
787 404 872 429 non
897 392 944 429 in
972 390 1139 429 meliore
1166 392 1266 433 haec
1289 408 1382 433 con-

200 464 361 502 ditione
389 474 474 499 esse
498 471 621 511 posse
650 471 773 509 quam
805 462 915 496 sunt.
943 480 996 486 ——-
1021 463 1084 504 τῆς
1111 459 1264 513 Σχερίας
1288 462 1384 501 dm-

206 529 324 568 πλέων
355 524 478 565 οἴκαδε
500 536 574 575 pro
600 521 725 561 ἔκηε]
756 522 828 563 ἀπὸ
853 528 916 568 τῆς
945 523 1123 580 Σχερίας,
1152 525 1265 576 quod
1289 532 1390 564 uter-

201 607 282 647 que
308 592 510 645 probavit,
542 589 737 628 Graecum
766 602 848 628 non
879 596 946 628 est.
990 592 1041 629 At
1062 591 1182 641 ’longe
1210 593 1388 643 turpissi-

199 674 310 699 mum
346 665 401 697 est
439 656 552 709 quod
583 656 923 707 praeterviderunt
960 658 1097 696 vitium
1132 658 1173 696 in
1213 658 1236 709 §
1270 659 1330 698 12.
1359 660 1389 699 εἰ

204 727 267 781 μὲν
295 721 352 766 οὖν
384 725 447 765 οὐκ
478 726 551 776 ἔχει
577 722 645 775 οὐχ
680 725 773 768 ὅπως
803 721 917 768 ἡδέως
950 723 989 763 οὐ
1024 728 1168 771 ζήσεται
1199 724 1282 765 ἀλλ’
1308 725 1391 766 οὐδὲ

204 799 367 842 ζήσεται.
413 789 640 842 Legendum
671 801 772 826 esse:
809 788 877 841 οὐχ
911 792 1005 835 ὅπως
1035 789 1148 836 ἡδέως
1178 794 1327 838 ζήσεται
1353 798 1391 830 et

204 860 275 913 οὐχ
301 862 395 903 ὅπως
415 856 551 895 ·valere
577 868 659 892 non
689 858 850 892 tantum
880 868 982 901 non,
1012 856 1043 893 si
1075 856 1164 906 quis
1193 857 1292 895 forte
1323 871 1392 896 ne-

203 927 374 965 scivisset
402 923 462 960 vel
490 935 536 959 ex
564 921 642 959 hoc
678 921 765 972 ipso
799 921 962 959 Luciani
998 921 1098 959 libro
1137 922 1287 961 discere
1317 936 1394 975 po-

202 993 347 1032 tuisset.
389 990 411 1041 §
443 988 508 1027 42.
547 987 750 1044 Ἰσοκράτης
780 988 848 1041 οὐχ
883 991 976 1035 ὅπως
1009 990 1055 1036 εἷς
1090 990 1237 1043 πόλεμον
1262 989 1393 1038 ἐξῆλθέ

210 1073 298 1097 ποτε
325 1056 406 1095 ἀλλ’
435 1054 513 1095 οὐδ’
541 1053 597 1094 ἐπὶ
625 1055 834 1112 δικας-ήριον
861 1055 986 1106 ἀνέβη.
1029 1056 1212 1094 Similiter
1238 1057 1278 1095 in
1303 1071 1394 1110 sqq.

208 1125 269 1165 καὶ
296 1122 487 1180 ’Ὑπερίδης
516 1120 581 1175 μὲν
604 1121 663 1161 καὶ
679 1121 896 1178 ,Λυκοῦργος
924 1120 1000 1162 οὐδ’
1025 1120 1177 1170 ἐξῆλθον
1202 1123 1285 1163 ἀλλ’
1307 1123 1390 1164 οὐδὲ

207 1192 298 1237 ὅλως
328 1190 525 1242 ἐτόλμησαν
557 1188 677 1243 μικρὸν
702 1188 772 1234 ἔξω
799 1189 1011 1243 παρακῦψαι
1037 1193 1107 1227 τῶν
1134 1190 1255 1228 πυλῶν
1287 1197 1395 1229 recte

202 1259 303 1299 vidit
343 1256 493 1296 amicus
530 1266 610 1293 esse
645 1254 942 1308 reponendum:
994 1255 1061 1309 οὐχ
1103 1259 1198 1302 ὅπως
1239 1255 1394 1305 ἐξῆλθον

206 1326 286 1366 ἀλλ’
315 1323 392 1364 οὐδ’
422 1321 618 1374 ἐτόλμησαν
646 1320 722 1360 κτὲ.
750 1321 858 1359 -ἐῖ
884 1322 958 1375 γὰρ
986 1323 1059 1373 ἔχει
1084 1320 1123 1360 τὸ
1151 1325 1272 1377 φαγεῖν
1306 1324 1393 1380 παρ’

206 1391 332 1432 ἑαυτοῦ
364 1388 482 1429 πολλοὶ
513 1400 564 1425 τοι
574 1418 591 1438 ,
628 1382 657 1425 ὦ
684 1383 856 1439 Τυχιάδη
866 1417 883 1437 ,
911 1390 963 1440 τῷ
995 1386 1140 1441 τοιούτῳ
1172 1387 1240 1444 βίῳ
1273 1405 1394 1446 παρα-

206 1459 389 1498 κολουθεῖν
428 1455 585 1507 ἀνάγκη.
630 1452 722 1489 ferri
762 1465 844 1490 non
884 1458 1014 1503 potest
1051 1468 1101 1492 τοι
1137 1454 1178 1492 in
1216 1456 1391 1506 apodosi,

207 1525 367 1578 Optime
388 1521 627 1560 Marcianus:
657 1517 772 1558 πολλὰ
794 1521 915 1557 ἄτοπα
926 1549 942 1569 ,
966 1518 1072 1556 unde
1093 1521 1398 1570 optimoslibros

208 1596 366 1630 secutus
395 1588 527 1625 locum
562 1586 618 1623 sic
646 1585 935 1624 constituerim:
964 1590 1039 1629 πῶς
1066 1585 1133 1637 οὐχ
1162 1585 1296 1638 ἡδέως,
1319 1588 1395 1639 ἐ”γε

213 1660 287 1711 ἔχει
308 1654 347 1695 τὸ
365 1654 489 1710 φαγεῖν
515 1650 602 1707 παρ’
621 1650 746 1691 ἑαυτοῦ
755 1667 772 1703 ,-
796 1673 848 1679 -—
868 1649 952 1690 Ὀτι
976 1650 1096 1691 πολλὰ
1117 1655 1235 1693 ἄτοπα
1253 1653 1329 1694 κτὲ.
1344 1676 1398 1683 -

213 1729 265 1777 τῷ
292 1721 355 1776 μὲν
380 1720 498 1772 συχνὰ
525 1720 725 1771 κεκτημένῳ
753 1717 835 1762 ἴσως
863 1720 964 1756 τοῦτο
991 1719 1161 1771 παρέχετε
1190 1732 1321 1757 veram
1347 1721 1399 1757 le-

213 1790 384 1828 ctionem
411 1784 531 1823 habet
558 1783 800 1820 Marcianus:
840 1781 1013 1837 ὑπάρχει.
1044 1805 1098 1812 —-
1127 1784 1190 1826 οὐκ
1222 1785 1265 1824 ἂν
1297 1786 1398 1842 σοφὸς

218 1855 349 1908 γένοιτο
385 1849 468 1890 οὐδὲ
498 1848 679 1903 ἐφικνοῖτο.
721 1853 827 1885 recte
865 1848 968 1885 idem
1005 1848 1122 1886 liber:
1159 1849 1321 1904 ἐφίκοιτο.
1348 1874 1402 1881 —

219 1922 311 1976 λέγω
327 1919 376 1962 δή
399 1924 543 1955 temere
565 1921 770 1967 receptum
792 1927 867 1967 pro
890 1914 983 1967 λέγω
1007 1914 1073 1966 δέ,
1102 1916 1213 1967 quod
1235 1917 1404 1955 solemne

221 1995 292 2027 est.
326 2009 377 2016 —
392 1988 454 2037 ’τῷ
486 1980 550 2035 μὲν
587 1977 644 2021 οὖν
684 1981 885 2035 Ἐπικούρῳ
915 1984 1036 2022 πάντα
1064 1980 1261 2035 ξυμβαίνειν
1298 1982 1401 2028 εἰκός.

224 2052 382 2093 Scribe:
412 2052 533 2091 πάντα
564 2051 696 2087 ταῦτα.
723 2070 777 2077 --
803 2049 882 2086 οὔτε
913 2048 1065 2104 ἀργύρια
1096 2046 1185 2103 ὑπὲρ
1214 2046 1262 2089 ὧν
1287 2048 1403 2090 ἀπολ-

224 2116 630 2174 λυμένωνάχθεσθεόη.
660 2113 923 2153 necessarium
949 2120 1005 2152 est
1032 2115 1143 2166 quod
1170 2114 1277 2153 dedit
1304 2115 1407 2154 Mar·

227 2189 383 2227 cianus:
422 2182 664 2235 ἀπολομὲνων.
707 2182 730 2232 §
767 2181 827 2218 13.
857 2182 975 2226 πάσης
1005 2180 1082 2234 γὰρ,
1105 2180 1234 2233 τέχνης
1262 2183 1409 2236 Υἀνάγκη

227 2256 489 2310 προσάγειν
524 2251 716 2304 μάθησιν,
744 2248 872 2298 πόνον,
900 2247 1003 2303 φόβον
1011 2246 1209 2302 ,’πληγα’ς.
1253 2249 1410 2289 Frustra

218 2320 364 2374 optimi
392 2317 518 2358 Codd.
544 2316 760 2356 dederunt:
784 2316 957 2370 προάγειν
966 2345 983 2367 ,
998 2315 1264 2369 praecedere.
1294 2316 1409 2364 Nunc
