1572 2801
731 177 789 221 44

162 307 422 346 ostentatione
450 305 618 344 obruere
653 312 690 344 et
725 307 863 360 longas
892 307 1045 346 trahere
1068 309 1272 360 periodos,
1310 315 1352 348 u¹t

162 372 349 410 flosculos
376 371 561 409 alicunde
588 371 797 422 decerptos
823 385 957 409 omnes
986 379 1190 424 tamquam
1217 376 1257 413 in
1284 370 1367 413 co-'

163 450 260 476 rona
299 443 457 476 nectere
495 436 657 489 possint.
715 436 844 476 Vultis
880 439 1115 490 exemplum.
1170 439 1353 493 Scriptor

163 506 297 543 nescio
333 505 423 555 quis
455 504 495 540 in
530 503 673 540 Walzii
706 503 843 541 Rbett.
873 503 939 541 Gr.
975 504 1044 541 lx.
1070 519 1113 557 p.
1139 505 1238 550 570,
1284 508 1355 557 qui

162 571 256 608 olim
286 569 440 621 Apsinis
467 580 575 606 nunc
601 568 767 620 Longini
794 580 939 608 nomen
962 571 1169 608 ementitur
1195 571 1255 622 (ut
1280 572 1350 610 de-

162 636 394 674 monstrabit
427 634 661 686 propediem
692 635 750 672 vir
788 635 838 672 cl.
870 635 1059 686 Bakius),
1091 638 1280 675 disserens
1306 638 1356 676 de

163 703 350 739 memoria
378 701 478 738 haec
502 700 657 737 scribit:
688 701 710 741 ἡ
732 701 804 755 γὰρ
827 706 953 755 κρᾶσις
979 706 1040 746 τῆς
1067 703 1186 756 ψυχῆς
1216 693 1353 757 σύμμε-

165 783 246 824 τρος
268 764 357 807 οὖσα
376 767 587 807 καὶδικαία,
607 766 703 805 κατὰ
724 768 786 809 τὴν
809 768 979 822 ἁρμονίαν
999 774 1070 808 τῶν
1092 768 1280 824 δυνάμεων
1294 770 1354 810 καὶ

164 833 231 873 οἷον
254 835 357 889 κηρὸς
379 834 604 889 ὠργασμένος
637 833 813 877 εὕπλαςος
840 832 912 885 μὲν
929 834 990 872 καὶ
1013 835 1192 890 εὐάγωγος
1213 837 1273 876 καὶ
1302 840 1351 891 μὴ

165 901 316 957 σκληρὸς
342 900 427 953 μηδ’
451 901 641 945 α’ντίτυπος
672 898 756 951 μηδ’
789 900 987 955 οἷτέραμνος
1009 901 1095 954 μηδ’
1120 899 1166 941 αὖ
1195 904 1354 956 μαλακός

168 983 206 1006 τε
229 968 289 1006 καὶ
311 968 486 1021 διαρρέων
510 967 557 1011 ὡς
583 966 805 1018 συγχεῖσθαι
832 965 909 1011 τοὺς
936 968 1063 1013 τύπους
1088 969 1148 1008 καὶ
1173 969 1352 1018 ἐξιτήλους

165 1035 337 1087 γενέσθαι
359 1035 631 1087 συμπιπτόντων
654 1037 725 1072 τῶν
748 1038 991 1087 χαρακτήρων
1013 1034 1073 1074 καὶ
1094 1042 1164 1076 τῶν
1182 1042 1354 1092 γραμμά-

167 1116 236 1139 των
281 1099 532 1152 ἀναλαμβάνει
578 1100 752 1153 καθάπερ
798 1098 983 1153 ἐκμαγεῖον
1016 1101 1076 1140 καὶ
1120 1102 1355 1144 διατυποῦται

168 1168 303 1224 ῥᾳδίως
358 1166 425 1205 ὑπὸ
480 1171 550 1205 τῶν
595 1169 867 1221 φαντασμάτων
911 1169 1152 1221 τορνευόμενός
1204 1184 1242 1208 τε
1294 1170 1354 1210 καὶ

166 1237 382 1290 γραφόμενος
425 1234 604 1289 ἐναργέσιν
643 1237 765 1287 ὥσπερ
801 1232 861 1271 καὶ
901 1237 1155 1290 νεοχαράκτοις
1203 1237 1354 1288 σημείοις

168 1307 229 1344 τῆς
258 1300 429 1351 ε’πις-ήμης
442 1331 456 1349 ‚
479 1305 515 1336 et
534 1299 607 1335 alia
626 1298 749 1334 multa
775 1297 1011 1335 huiusmodi.
1049 1300 1109 1336 Nil
1133 1300 1205 1337 nisi
1229 1302 1356 1355 τερετί-

168 1380 295 1418 σματα
317 1370 407 1401 sunt
421 1365 499 1400 sive
513 1374 642 1413 nugae
665 1373 853 1405 canorae,
875 1363 916 1399 in
933 1363 1078 1413 quibus
1092 1370 1172 1411 est,
1198 1371 1240 1403 ut
1259 1368 1356 1404 scri-

165 1432 221 1470 bit
253 1430 398 1469 alicubi
422 1429 582 1466 Patrum
622 1427 926 1478 elegantissimus
961 1428 1162 1479 Synesiu8‚
1202 1435 1262 1470 νοῦ
1294 1431 1356 1484 μὲν

167 1497 308 1551 αὐχμὸς
338 1495 466 1543 λέξεως
491 1494 527 1534 δ’
555 1493 746 1547 ἐπομβρίαι.
787 1499 825 1530 at
850 1500 997 1544 quanta
1037 1495 1269 1535 elocutionis
1290 1510 1356 1535 ox·-

169 1559 354 1603 namenta
378 1562 515 1600 sedulo
539 1573 585 1598 ex
605 1560 765 1596 Platone
778 1559 1020 1610 potissimum
1036 1561 1223 1608 collecta,
1250 1576 1356 1614 quae

169 1631 283 1681 copia
299 1658 307 1674 ‚
336 1640 441 1679 quae
461 1626 753 1678 magnificentia
771 1625 1001 1663 verborum!
1034 1626 1147 1663 Peius
1169 1627 1286 1665 etiam
1302 1634 1358 1665 est

163 1698 205 1734 in
230 1695 376 1739 Poetis,
420 1693 490 1743 qui
523 1704 639 1743 saepe
677 1692 732 1729 nil
772 1692 841 1728 nisi
879 1692 1035 1729 Homeri
1072 1691 1183 1739 λέξεις
1223 1693 1354 1743 lepide

169 1764 434 1811 componunt,
466 1764 510 1795 ut
536 1758 602 1794 ille
626 1757 701 1802 ait,
733 1762 780 1794 ut
807 1758 1036 1795 tesserulas
1069 1772 1207 1797 omnes
1237 1759 1357 1797 Endo

159 1827 405 1880 pavimento
434 1827 473 1860 et
488 1822 722 1859 emblemate
736 1822 1029 1879 vermzscuhzto:
1062 1823 1175 1874 quod
1202 1824 1360 1875 indigne

171 1894 299 1931 ferens
332 1890 532 1928 Pollianus
563 1889 602 1926 in
636 1888 950 1940 Epigrammate‚
984 1889 1098 1925 simul
1131 1888 1359 1928 Callimachi

171 1966 209 1997 et
239 1960 406 1995 aliorum
430 1954 643 2001 κακοζηλιάν
663 1953 925 1998 subsannans,
957 1954 1125 1991 suaviter
1148 1955 1201 1992 ita
1228 1955 1353 2001 canit,

168 2023 331 2062 Anthol.
363 2021 445 2059 Pal.
474 2019 528 2058 II.
554 2034 593 2071 p.
623 2018 713 2057 358.

199 2088 289 2134 Τοὺς
316 2087 475 2132 κυκλίους
502 2087 643 2131 τούτους
671 2085 748 2130 τοὺς
777 2086 930 2140 αὐτὰρ
960 2088 1125 2124 ἔπειτα
1153 2085 1319 2137 λέγοντας

307 2154 419 2193 Μισῶ
431 2186 446 2205 ,
474 2152 690 2196 λωποδύτας
718 2151 912 2206 ἀλλοτρίων
939 2151 1060 2191 ἐπέων.

201 2219 276 2258 Καὶ
303 2219 367 2257 διὰ
396 2218 490 2257 τοῦτ’
519 2217 647 2269 ἐλέγοις
675 2218 845 2271 προσέχω
874 2216 990 2256 πλέον·
1018 2215 1121 2255 οὐδὲν
1149 2219 1222 2269 ἔχω
1249 2218 1323 2272 γάρ

310 2287 514 2341 Παρθενίου
542 2287 702 2326 κλέπτειν
730 2285 751 2328 ἢ
780 2284 870 2324 πάλι
898 2284 1156 2337 Καλλιμάχου.
