1572 2801
701 230 789 274 115

150 360 258 400 ἐκεῖνο
289 361 435 412 σκόπει,
462 361 575 400 cuius
603 363 805 402 dimidiam
835 369 987 415 partem
1018 364 1177 402 retinuit
1212 363 1329 402 Iaco-

147 426 250 473 buz,
281 432 403 466 totam
428 428 653 468 Dindorfius
680 431 845 468 restituit
877 442 957 468 non
989 438 1187 469 correcto:
1228 431 1323 471 α’πο-

147 491 238 546 δῷς.
282 491 440 531 Prorsus
475 493 578 531 idem
618 495 753 532 vitium
790 495 931 533 resedit
969 496 1010 533 in
1048 496 1321 547 sequentibus:

150 558 232 597 ἀλλ’
264 557 370 598 ἐκεῖνο
403 560 525 598 σκόπει
556 561 604 610 μὴ
636 560 722 615 πρὸς
753 558 856 605 ἐνίους
890 562 959 599 τῶν
989 560 1179 616 φιλοσόφων
1214 565 1323 613 μα’χη

143 642 197 666 σοι
215 626 293 682 περὶ
321 630 381 666 τοῦ
400 626 519 672 τέλους
537 624 585 679 ᾗ,
614 627 682 665 ubi
708 640 889 680 expunge
913 628 1018 667 ἐκεῖνο
1042 630 1176 667 σκόπει.
1210 626 1229 679 §
1259 626 1320 665 10.

148 695 251 750 παρὰ
278 692 323 732 δὲ
348 693 515 736 πλήθωσι
546 697 722 750 τράπεζαι
754 694 829 734 κτὲ.
860 701 1024 747 apparet
1051 707 1098 732 ex
1124 694 1322 745 sequenti-

142 760 236 801 bus}
274 759 645 816 πάλινῑγὰρᾶξιον
672 761 949 815 α’ναμεμνῆσθαι
979 765 1049 801 τῶν
1069 759 1164 799 ἐπῶν
1173 792 1189 811 ,
1217 760 1323 797 exci-

143 829 244 866 disse
271 826 500 864 intermedia
527 828 646 865 verba
676 828 854 866 Homeri:

241 892 455 943 Δαιτυμόνες
484 890 519 931 δ’
547 893 621 932 α’νά
647 893 789 947 δώματ’
816 894 1066 940 α’κουοὲζωνται
1093 892 1216 932 οἷοιδοῦ

241 963 357 1011 ἥμενοι
382 956 506 1004 ἑξείης.

144 1037 274 1077 neque
301 1025 383 1062 ullo
407 1024 528 1062 modo
553 1025 683 1075 potuit
709 1025 906 1063 Lueianus
934 1025 1110 1062 omittere
1131 1024 1172 1061 id
1195 1024 1324 1075 ipsum

140 1091 252 1142 quod
273 1091 547 1130 facetissimum
567 1097 651 1129 erat
672 1097 709 1129 et
730 1091 989 1142 quamobrem
1009 1092 1141 1129 locum
1163 1091 1321 1128 Homeri

145 1156 347 1201 attulerat,
390 1155 533 1207 nempe
571 1156 809 1193 mentionem
848 1158 919 1195 τῶν
957 1155 1200 1208 δαιτυμόνων,
1242 1168 1324 1207 quo

143 1221 300 1258 nomine
326 1219 518 1259 Parasitus
544 1220 734 1259 Homerus
759 1220 910 1258 dixerit.
955 1221 1137 1259 Similiter
1166 1222 1207 1259 in
1233 1234 1322 1272 sqq.

140 1286 259 1324 verba
290 1287 446 1325 Homeri
473 1287 776 1325 interciderunt:
806 1285 889 1326 οὐδὲ
918 1287 992 1341 γὰρ
1022 1286 1088 1327 οἷόν
1121 1303 1157 1326 τε
1188 1289 1324 1327 α’κούειν

144 1353 262 1392 αὐτῶν
282 1354 330 1406 μὴ
352 1353 525 1398 πολλάκις
545 1352 749 1406 λεγομένων.
771 1350 978 1403 δαιτυμόνες
1001 1355 1194 1406 καθήμενοι
1216 1352 1323 1400 ἑξείης

141 1420 201 1459 καὶ
233 1420 409 1475 παράδὲ
443 1422 610 1464 πλήθωσι
642 1423 847 1477 τράπεζαι,
883 1420 951 1458 ubi
985 1426 1101 1471 turpe
1135 1420 1324 1457 mendum

142 1488 290 1525 amicus
324 1500 432 1525 meus
470 1487 569 1525 vidit
609 1492 647 1524 et
686 1486 836 1525 sanavit
873 1485 952 1523 sic:
998 1483 1099 1524 οὐδὲν
1138 1485 1210 1541 γὰρ
1252 1483 1320 1524 οἷον

144 1555 282 1602 οἰκούειν
312 1554 431 1594 αὐτῶν
458 1554 628 1598 πολλάκις
653 1553 861 1606 λεγομένων.
906 1553 987 1590 Res
1014 1551 1217 1589 manifesta
1243 1558 1319 1589 est:

140 1628 353 1675 postquam
380 1620 515 1658 vitiose
540 1618 621 1659 οὐδὲ
652 1619 727 1674 γάρ
750 1617 814 1658 οἷόν
842 1633 879 1658 τε
905 1623 986 1656 erat
1013 1617 1219 1669 scriptum,
1251 1616 1323 1654 ad-

140 1689 238 1726 didit
261 1688 403 1726 sciolus
428 1690 491 1739 μή.
535 1685 733 1723 Lucianus
753 1685 804 1723 de
825 1697 934 1722 more
956 1684 1130 1721 imitatur
1149 1683 1318 1729 Atticos,

140 1756 210 1809 qui
233 1768 313 1794 non
336 1755 447 1793 aliter
472 1753 607 1792 solent.
636 1751 916 1804 Aristophanes
938 1751 979 1789 in
1003 1750 1118 1790 Avib.
1147 1764 1203 1789 vs.
1226 1749 1318 1789 966.

328 1820 414 1861 ἀλλ’
442 1819 542 1860 οὐδὲν
568 1818 634 1859 οἷόν
662 1819 716 1864 εἷς’
744 1820 891 1859 οἰκοῦσαι
919 1822 989 1858 τῶν
1016 1817 1126 1858 ἐπῶν.

137 1888 411 1927 Demosthenes
432 1888 472 1925 in
495 1884 665 1923 Midiana
687 1899 728 1937 p.
748 1883 842 1923 529.
869 1883 971 1924 οὐδὲν
995 1885 1070 1941 γὰρ
1092 1883 1157 1924 οἷον
1180 1885 1317 1924 α’κούειν

141 1954 249 1993 αὐτοῦ
272 1958 331 1994 τοῦ
360 1957 476 2007 νόμου.
517 1952 641 1989 Paulo
670 1958 759 1989 ante
790 1951 912 1988 edidit
939 1951 1129 1989 Iacobitz.
1159 1951 1242 1991 οὐδὲ
1265 1957 1316 2003 τῷ

139 2022 282 2074 τυχόντι
311 2019 417 2077 α’νδρὶ
446 2018 658 2074 περιτέθεικε
692 2016 833 2061 τούτους
863 2014 941 2061 τοὺς
971 2015 1094 2069 λόγους
1128 2016 1229 2056 σίλλοέ
1265 2021 1315 2071 τῷ

139 2092 335 2143 σοφωτάτῳ
362 2094 448 2128 τῶν
485 2087 598 2125 ὅλων
607 2117 623 2136 ,
651 2086 829 2135 imperite
853 2085 995 2122 reiecta
1017 2096 1107 2121 vera
1129 2083 1311 2120 lectione:

135 2154 365 2209 Ἑλλήνων.3
386 2156 610 2195 11.-οὕτω
628 2153 760 2207 μάθοις
778 2155 837 2192 ἄν.
859 2155 968 2206 ἔγωγε
985 2152 1078 2205 οἶμαι
1095 2149 1170 2188 κτὲ.
1199 2148 1314 2187 Grae-

136 2221 235 2258 citas
261 2218 455 2272 postulat:
484 2221 555 2273 ἐγὼ
584 2223 670 2275 γάρ.
693 2220 780 2258 -ὁ
811 2219 852 2259 δὲ
879 2219 1106 2274 Ἐπικούρειος
1132 2217 1213 2257 οὐδὲ
1242 2218 1310 2255 θα-

136 2287 252 2343 τέρου.
282 2288 345 2326 vel
367 2289 447 2335 sine
468 2284 595 2327 Codd.
627 2285 833 2341 Ἐπίκουρος
852 2283 1125 2336 corrigendum
1154 2282 1307 2328 fuisset,

138 2358 246 2393 nune
273 2353 449 2392 oblatum
474 2355 642 2394 editores
666 2358 907 2406 spreverunt.
933 2374 986 2380 —
1012 2350 1229 2396 πεπιςευκὼς
1260 2351 1309 2402 μὴ
