1572 2801
724 189 781 231 50

167 331 209 363 ut
235 324 342 361 nulla
372 335 461 376 spes
492 322 626 361 salutis
652 323 838 374 supersit,
867 334 969 373 quos
999 328 1128 359 tamen
1156 321 1268 360 multi
1298 326 1355 358 te-

168 390 342 427 merariis
369 390 605 427 coniecturis
638 394 791 425 vexant.
824 388 913 425 vide
953 401 1007 426 νε.
1042 387 1100 426 18.
1126 387 1190 426 38.
1221 387 1275 425 42
1297 400 1356 438 sq.

171 452 226 491 54
248 465 307 503 sq.
337 452 391 490 59
417 466 477 503 sq.
505 452 570 490 66.
600 451 664 490 98.
696 452 815 490 Multa
843 452 920 489 iam
950 446 1151 503 palium-iis
1177 452 1359 490 emenda-

172 518 346 557 tionibus
359 517 607 556 restituerunt
633 517 824 569 Hei-iuga,
846 517 1127 563 Ruhnkenffls,
1152 517 1357 556 Porsonus.

175 583 308 622 Pauca
338 584 416 621 alia
441 583 666 620 etiamnunc
693 588 856 633 possunt
882 584 989 630 erui,
1016 584 1136 622 veluti
1162 584 1209 621 in'
1230 596 1284 622 vs.
1310 584 1363 622 27

172 661 264 701 sqq.
313 659 315 661 ’
1005 689 1008 691 ,

282 712 396 757 Αὐτὸς
424 710 459 750 δ’
487 707 586 755 οὗτος
615 710 736 757 ἀοιδὸς
748 743 763 762 ,
792 710 829 751 ὃν
855 712 894 751 ἐκ
922 712 1003 759 Διὸς
1030 716 1117 753 αἶσα
1145 713 1345 768 φυλάσσει,

393 776 517 822 ἤδιςον
545 780 689 817 πάντων
717 777 872 832 δαίμονα
901 780 1155 832 μουσοπόλων,

286 845 416 885 λεπτὴν
443 844 480 883 δ’
508 845 553 889 εἷς
580 844 725 887 Ἰθάκην
751 847 941 885 ἀνετείνετο
969 847 1053 893 θεῖος
1082 846 1241 901 Όμηρος

393 909 526 961 ᾠδῇσιν
554 915 699 953 πινυτῆς
727 914 837 948 εἵνεκα
865 910 1085 956 Πηνελόπης.

175 975 275 1012 haec
306 987 414 1012 nunc
443 988 556 1012 sensu
596 987 724 1014 vacua
760 982 873 1022 sunt,
903 989 1022 1027 quem
1050 978 1193 1028 partim
1219 978 1363 1029 recipi·

174 1046 240 1077 ent
266 1040 296 1076 si
323 1040 481 1090 legeris:

394 1104 471 1157 ᾔδει
500 1103 558 1143 τὸν
585 1107 732 1144 πάντων
759 1103 913 1158 δαίμονα
941 1105 1180 1158 μουσοπόλων.

209 1169 412 1207 Homerus
425 1183 587 1220 quoque
606 1173 798 1221 cognovit
813 1173 992 1208 omnium
1002 1177 1217 1221 poetarum
1231 1172 1363 1216 deum,

175 1235 374 1273 Amorem.
405 1234 483 1272 Sed
510 1236 550 1272 in
580 1236 779 1287 plerisque
813 1236 896 1273 aliis
929 1249 1049 1289 opera
1078 1237 1244 1281 luditur:
1274 1236 1365 1275 viti-

176 1313 243 1338 um
270 1306 325 1337 est
352 1301 473 1351 ipsius
498 1305 659 1351 poetae,
692 1303 762 1352 qui
788 1308 856 1339 aut
884 1303 1028 1340 infelici
1068 1304 1237 1341 audacia
1266 1303 1367 1341 mul-

175 1374 229 1405 ta?
245 1368 284 1404 in
310 1370 439 1419 patrio
466 1372 643 1407 sermone
669 1371 849 1415 novavit,
879 1382 984 1421 quae
1010 1382 1125 1408 nemo
1150 1368 1364 1420 intelligere

178 1434 324 1471 nedum
352 1434 481 1470 mirari
513 1435 655 1484 possit,
689 1440 757 1470 aut
792 1433 911 1471 verba
948 1435 1151 1473 modulata
1178 1446 1226 1471 ac
1266 1447 1363 1486 τερε-

180 1500 339 1552 τίσματα
386 1499 540 1540 fundit,
590 1512 732 1549 parum
771 1493 811 1536 in
857 1505 1086 1550 argumento
1119 1499 1285 1537 ioculari
1321 1511 1368 1537 ac

180 1567 254 1604 levi
278 1566 327 1603 de
355 1564 596 1614 singulorum
620 1564 809 1600 sententia
831 1564 1031 1601 sollicitus.
1062 1563 1172 1601 Idem
1194 1563 1369 1602 videmus

181 1631 221 1667 in
253 1629 452 1666 nonnullis
483 1629 609 1678 poetis
650 1629 787 1665 aetatis
816 1633 991 1674 nostrae,
1035 1628 1105 1679 qui
1138 1628 1210 1665 toti
1234 1626 1369 1666 verbo-

179 1708 267 1732 rum
311 1695 521 1732 luminibus
565 1695 790 1739 collucent,
836 1707 1009 1745 quorum
1047 1695 1277 1732 sententiam
1320 1707 1370 1732 ne

181 1760 255 1809 ipsi
307 1760 470 1809 quidem
516 1759 606 1796 satis
646 1765 754 1796 certo
808 1759 1051 1810 perspiciunt
1091 1759 1159 1797 sed
1199 1758 1369 1797 obscuro

187 1825 364 1876 quodam
388 1838 499 1862 sensu
529 1826 799 1876 suspicantur,
830 1837 913 1874 quo
947 1824 976 1862 si
1011 1824 1101 1875 quis
1134 1830 1266 1862 eareat
1296 1837 1373 1862 me-

185 1892 262 1928 lius
290 1890 340 1927 ab
367 1903 501 1927 eorum
530 1890 699 1927 lectione
735 1895 773 1926 et
800 1889 1120 1939 interpretatione
1148 1889 1368 1929 abstinebit.

188 1957 279 1994 Huc
318 1956 444 1993 refero
477 1954 587 2004 apud
618 1953 974 1991 Hermesianactem
1014 1954 1117 1992 istud
1148 1953 1185 1994 ὃν
1220 1955 1260 1995 ἐκ
1292 1956 1373 2002 Διὸς

185 2022 287 2059 afa-a
313 2020 488 2074 φυλάσσει
496 2050 511 2070 ,
546 2018 658 2069 quod
692 2017 792 2076 quid
831 2018 990 2056 tandem
1021 2019 1093 2057 sibi
1128 2022 1220 2070 velit
1260 2034 1376 2060 nemo

187 2100 263 2139 pro
305 2093 425 2126 certo·
455 2086 575 2123 dicat.
640 2083 820 2122 Eiusdem
856 2085 1007 2136 generis
1041 2092 1108 2124 est>
1133 2100 1224 2126 usus
1268 2088 1377 2127 verbi

190 2152 388 2198 ςέλλεσὲαι
416 2164 468 2189 vs.
500 2151 527 2187 2
554 2150 724 2204 Θρῇσσαν
750 2149 968 2202 ςεὶλοὶμενος·
980 2151 1125 2206 κιθάρην
1150 2159 1188 2190 et
1210 2153 1264 2191 52
1288 2152 1373 2199 ςελ-

192 2218 340 2271 >topi-mv
381 2217 531 2262 πολλαῖς
572 2220 714 2271 ἄμμιγα
753 2217 985 2271 Λεσβιάσιν,
1026 2218 1094 2257 ubi
1135 2220 1380 2259 Hermannus

191 2291 322 2324 censet
357 2284 578 2337 significare
616 2285 932 2337 μεταπεμπομένην
942 2317 957 2336 ,
995 2285 1054 2323 ad
1081 2299 1206 2338 quam
1244 2286 1375 2326 multa
