1572 2801
717 217 775 261 85

157 349 253 390 mihi
289 350 406 389 homo
443 351 627 390 lacunam
665 351 821 404 explere
856 351 1040 397 voluisse,
1083 362 1176 388 nam
1209 350 1337 402 prima

160 421 312 453 tantum
339 421 377 452 et
404 416 538 453 ultima
561 428 652 454 sana
682 428 761 454 esse
790 415 918 454 video.
961 415 1068 463 Quid
1094 416 1125 453 si
1153 417 1208 454 sic
1240 429 1336 469 sup-

158 481 335 533 pleatur:
373 476 472 525 οὗτος
507 480 617 519 τοίνυν
652 480 721 533 οὐχ
759 483 853 526 ὅπως
888 479 1043 535 ὠφέλησε
1073 481 1135 521 τὴν
1171 481 1267 520 πόλιν
1299 479 1336 520 ἐν

161 547 304 601 τοιούτῳ
333 551 447 603 καιρῷ
473 545 535 585 καὶ
562 546 695 601 ἀπορίᾳ
724 545 866 599 τοιαύτη
898 550 1114 590 κατας-οἶσαν
1143 546 1242 586 ἀλλὰ
1275 547 1336 586 καὶ

162 611 351 668 κερδαίνειν
387 612 460 651 ἀπὸ
490 616 562 650 τῶν
598 610 772 667 ὑμετέρων
807 615 993 666 συμφορῶν
1024 616 1333 667 παρεσκευάσατο.

160 678 290 716 Facile
316 690 424 716 nunc
450 676 656 728 apparebit
680 676 809 722 labes,
840 689 960 727 quam
989 677 1086 714 alter
1112 678 1222 716 locus
1244 679 1342 716 eius-

161 744 252 781 dem
287 742 472 779 orationis
507 742 701 779 contraxit
727 756 768 792 p.
803 740 875 779 189
901 740 999 791 (465
1026 741 1189 793 Bekk.).
1223 744 1253 782 εἰ
1278 746 1342 795 μέν

164 823 216 852 τις
247 807 400 863 φρούριόν
430 821 463 845 τι
493 805 697 861 προύδωκεν
730 807 752 849 ἢ
788 810 871 845 ναῦν
896 807 919 849 ἢ
945 807 1165 862 ς-ρατόπεδον
1186 831 1238 836 -
1259 810 1339 853 ταῖς

164 873 338 926 ἐσχάταις
365 872 409 911 ἂν
444 873 585 925 ζημίαις
620 871 828 925 ἐζημιοῦτο,
867 869 964 916 οὗτος
998 871 1040 910 δὲ
1074 871 1226 925 προδοὺς
1258 873 1341 915 ὅλην

166 941 229 982 τὴν
249 938 345 979 πολιν
368 938 436 992 οὐχ
457 941 550 984 ὅπως
576 940 864 994 τιμωρηθήσεται
882 941 1208 994 παρασκευάζεται.
1245 938 1343 976 Sen-

167 1007 265 1044 tisne
287 1005 440 1057 aliquid
462 1005 618 1043 deesse?
646 1006 815 1044 Excidit:
846 1005 971 1044 ἀλλά
999 1005 1075 1043 καὶ
1102 1004 1344 1056 βουλεύειν

164 1073 499 1125 παρασκευάζεται,
521 1076 588 1107 aut
611 1071 718 1107 aliud
737 1070 836 1121 quid
854 1071 895 1107 in
916 1070 1081 1107 eandem
1100 1071 1342 1108 sententiam.

167 1138 356 1189 Sequitur
380 1148 493 1174 mox:
520 1136 634 1174 καίτοι
656 1135 803 1180 δικαίως
826 1135 861 1188 y’
885 1135 928 1173 ἂν
952 1138 1027 1179 ὅςις
1047 1139 1205 1190 φανερῶς
1226 1140 1344 1190 ὥσπερ

166 1200 264 1247 οὗτος
288 1200 472 1257 προῦδωκε
496 1203 558 1243 τὴν
580 1200 782 1256 ἐλευθερίαν
808 1202 847 1241 οὐ
872 1201 948 1256 περὶ
972 1204 1032 1240 τοῦ
1056 1199 1229 1251 βουλεύειν
1250 1201 1347 1240 ἀλλὰ

169 1268 248 1324 περὶ
267 1271 328 1307 τοῦ
349 1266 522 1307 δουλεύειν
546 1267 606 1307 καὶ
628 1274 691 1313 τῆς
712 1269 857 1322 μεγίς-ης
877 1269 1026 1324 ἀπορίας
1047 1267 1345 1320 ἐκκλησιάζεται,

167 1334 236 1373 ubi
264 1340 485 1377 corrector,
517 1333 629 1370 cuius
652 1333 837 1371 lectiones
860 1333 901 1369 in
925 1333 1064 1370 codice
1089 1334 1348 1372 Laurentiano

169 1405 336 1445 exstant,
361 1398 629 1445 ἐκκλησιάζοιτο
644 1398 856 1449 rescripsit,
878 1403 921 1435 ut
941 1398 1074 1435 saltem
1094 1400 1349 1450 grammatica

167 1466 268 1504 ratio
295 1471 504 1503 constaret.
556 1465 648 1501 Mihi
685 1476 819 1502 verum
856 1463 1031 1501 videtur:
1074 1464 1205 1509 δίκαιός
1235 1465 1269 1517 γ’
1305 1466 1348 1504 ἂν

168 1530 287 1575 7321—-
312 1530 567 1582 ἀγωνίζεσθαι.
621 1528 788 1566 Locutio
825 1526 894 1579 οὐχ
924 1530 1019 1572 ὅπως
1048 1529 1228 1567 --ἀλλὰ
1260 1531 1346 1582 καί,

167 1610 249 1649 qua
273 1609 354 1634 non
380 1602 436 1633 est
472 1596 547 1632 alia
581 1594 690 1645 apud
722 1594 874 1644 Lysiam
906 1595 1170 1645 frequentior,
1208 1597 1351 1634 iterum

168 1663 220 1701 ab
246 1661 412 1700 librariis
445 1661 546 1698 male
574 1659 708 1699 habita
740 1665 796 1696 est
822 1659 862 1696 in
893 1660 1069 1697 oratione
1107 1662 1204 1699 κατὰ
1234 1662 1347 1700 Νικο-

171 1731 294 1781 μάχου
324 1742 365 1778 p.
399 1724 473 1764 186
498 1725 595 1776 (456
632 1724 777 1775 Bekk.)
816 1724 897 1763 ἀλλ’
934 1725 1002 1777 οὐχ
1039 1729 1131 1772 ὅπως
1164 1727 1245 1780 ὑμῖν
1277 1732 1346 1767 τῶν

173 1794 280 1834 αὑτοῦ
304 1807 337 1831 τι
362 1789 536 1830 ἐπέδωκεν
567 1790 664 1829 ἀλλὰ
696 1795 766 1829 τῶν
798 1790 973 1845 ὑμετέρων
1007 1792 1122 1831 πολλὰ
1148 1793 1345 1848 ὑφῄρηται,

170 1860 240 1899 ubi
274 1858 422 1897 Graece
452 1857 703 1896 scribendum
734 1863 806 1895 est:
844 1857 1018 1899 ἐπέδωκεν
1043 1859 1140 1899 ἀλλὰ
1175 1859 1235 1900 καὶ
1261 1866 1344 1900 τῶν.

170 1927 218 1966 ln
246 1925 422 1964 oratione
448 1925 528 1965 κατ’
558 1924 759 1979 Ἀγοράτου
791 1917 953 1977 legitur:
990 1941 1031 1978 p.
1061 1927 1136 1965 134
1161 1928 1255 1977 (325
1281 1926 1345 1977 Β.)

173 1996 236 2036 δεῖ
259 1995 333 2048 γὰρ
360 1992 465 2032 αὐτὸν
492 1989 680 2038 ἀποδεῖξαι
709 1990 757 2035 ὡς
789 1990 827 2030 οὐ
859 1996 1075 2044 κατεμήνυσε
1109 1998 1180 2033 τῶν
1204 1992 1348 2049 ἀνδρῶν

172 2062 304 2102 τούτων
333 2057 410 2098 οὐδ’
438 2057 546 2100 αἴτιος
578 2056 698 2100 αὐτοῖς
726 2054 782 2100 ἐςὶ
814 2060 875 2094 τοῦ
904 2058 1068 2097 θανάτου
1098 2062 1183 2114 ὅπερ
1211 2060 1273 2098 οὐκ
1304 2060 1347 2099 ἂν

172 2129 318 2168 δύναιτο
337 2123 502 2165 οὐδέποτε
525 2119 727 2172 ἀποδεῖξαι.
771 2121 1012 2160 Inconcinna
1037 2123 1145 2172 haec·
1160 2131 1246 2162 sunt
1273 2137 1348 2163 nec

171 2195 285 2245 Lysia
309 2192 399 2231 satis
419 2181 559 2240 dig-na,
583 2187 651 2225 sed
664 2186 723 2224 his
742 2186 792 2223 ab
814 2187 1094 2238 interpolatore
1114 2190 1347 2240 depravata:

173 2262 259 2311 ὅπερ
285 2258 347 2297 οὐκ
378 2258 423 2297 ἂν
452 2256 594 2296 δύναιτο
619 2254 669 2292 de
697 2266 767 2291 suo
805 2253 914 2291 dedit
951 2262 1149 2294 corrector
1175 2256 1350 2294 Lauren·

174 2323 301 2364 tianus
327 2337 401 2376 pro
424 2324 497 2363 κᾶν·
516 2321 675 2362 δύναιτο.
702 2319 761 2357 his
783 2320 899 2371 igitur
923 2321 1091 2371 primum
1117 2320 1279 2362 abiectis
1298 2323 1352 2362 ita
