1572 2801
772 195 829 237 64

203 338 318 364 mone
343 325 545 377 duplicem
568 327 834 365 accusativum
858 328 1118 366 adsciscere.”
1160 328 1308 380 Nempe
1330 330 1384 367 ita

200 392 339 428 solent:
367 404 471 442 quae
486 392 625 442 paucis
649 392 885 442 quibusdam
909 405 955 430 ac
980 394 1096 431 certis
1112 396 1272 445 propria
1294 400 1382 433 sunt

202 456 253 494 ad
287 457 412 495 aliena
441 458 571 495 omnia
608 458 797 496 audacter
829 458 1009 504 trahunt,
1050 461 1384 510 quemadmodum

200 522 267 560 hic
293 523 404 573 quod
428 536 563 560 verum
590 530 646 561 est
670 525 710 561 in
736 525 966 579 ἀφαιρεῖσθαι
987 538 1194 577 perperam
1219 527 1269 564 ad
1291 528 1383 566 ἀπο-

203 590 334 640 τέμνειν
373 588 603 625 transfertur
634 595 672 626 et
709 595 861 627 tantum
894 590 1002 628 abest
1036 596 1078 628 ut
1110 590 1207 629 nihil
1238 604 1285 629 eo
1313 605 1385 629 usu

202 655 249 692 sit
273 655 487 706 vulgatius,
519 660 561 691 ut
586 668 806 706 numquam
834 655 885 693 ab
912 657 993 694 ullo
1018 656 1170 695 Graeco
1196 658 1386 709 scriptore

201 721 256 758 ita
282 721 328 757 sit
361 726 613 770 usurpatum,
655 733 785 771 neque
811 722 927 758 etiam
960 734 1033 773 per
1058 724 1238 760 naturam
1267 723 1320 759 rei
1348 728 1385 769 et

200 785 384 823 vocabuli
411 786 470 822 vel
499 785 549 822 ab
576 786 847 823 recentissimis
872 785 1074 824 Graeculis
1105 787 1283 837 usurpari
1318 799 1386 838 po-

201 851 331 889 tuerit.

252 919 308 955 De
336 919 565 955 accentibus
598 920 689 956 satis
721 919 902 956 diximus.
947 918 1148 955 Addemus
1173 930 1303 968 pauca
1337 919 1387 956 de

200 983 530 1033 interpunctione.
574 983 621 1020 In
643 983 931 1034 antiquioribus
957 982 1064 1020 libris
1083 983 1163 1020 fere
1180 983 1287 1020 nulla
1308 989 1382 1029 est,

203 1054 246 1085 ut
274 1048 446 1098 pendeat
472 1049 598 1085 omnis
626 1048 677 1085 ab
704 1048 866 1085 arbitrio
890 1061 1047 1092 eorum,
1078 1049 1147 1098 qui
1172 1050 1389 1087 recentiora

202 1112 381 1149 fecerunt
418 1112 673 1164 apographa:
713 1112 806 1150 hinc
845 1111 958 1150 multi
993 1124 1141 1150 errores
1176 1114 1257 1150 nati
1300 1118 1390 1150 sunt

201 1178 311 1216 nullo
333 1178 491 1229 negotio
514 1179 735 1230 corrigendi
757 1178 807 1216 ab
832 1191 895 1224 eo,
927 1179 997 1229 qui
1021 1179 1118 1216 sciat
1143 1178 1389 1216 librariorum

202 1243 437 1295 negligentia
467 1256 587 1293 penes
613 1255 693 1280 sese
718 1255 798 1280 esse
823 1242 939 1280 huius
965 1243 1018 1279 rei
1047 1242 1259 1282 iudicium..
1290 1242 1387 1280 Gra—

199 1308 339 1345 vissimi
367 1313 455 1344 sunt
484 1308 523 1344 in
550 1308 593 1345 iis
622 1308 738 1352 locis,
771 1306 838 1344 ubi
866 1307 984 1344 verba
1012 1314 1101 1345 sunt
1129 1309 1229 1345 inter
1263 1308 1385 1345 collo-

202 1379 367 1424 quentes
406 1385 591 1423 personas
631 1372 922 1416 distribuenda,
975 1378 1017 1409 ut
1060 1373 1101 1409 in
1142 1374 1386 1411 scenicorum

201 1441 410 1490 poetarum
436 1437 687 1475 carminibus.
731 1437 920 1488 Exemplo
944 1449 1023 1474 esse
1045 1443 1171 1488 potest
1197 1438 1387 1476 Timocles

202 1504 311 1555 apud
340 1502 585 1541 Athenaeum
612 1503 683 1540 Vl.
709 1502 791 1540 224
818 1503 887 1552 qui
914 1508 1077 1552 putatur
1106 1504 1321 1555 scripsisse:

286 1570 409 1609 οὐκοῦν
437 1569 584 1614 κελεύεις
612 1573 669 1608 νῦν
696 1584 739 1621 με
767 1571 888 1608 πάντα
915 1568 1051 1621 μᾶλλον
1079 1568 1100 1610 ἢ

290 1638 336 1675 τά
365 1639 543 1691 προσόντα
571 1638 730 1691 φράζειν.
774 1636 878 1673 Πάνυ
906 1650 946 1686 γε
972 1633 1104 1690 δράσω
1133 1637 1236 1673 τοῦτό
1262 1649 1328 1673 σοι.

205 1716 286 1755 qua
310 1702 503 1753 scriptura
527 1703 695 1741 violatur
717 1714 842 1739 sermo
869 1701 1061 1743 Graecus,
1092 1715 1182 1739 nam
1210 1700 1307 1752 quid
1334 1706 1389 1738 est

206 1773 300 1809 πάνυ
327 1768 446 1822 δρᾶν,
476 1775 513 1805 et
540 1768 637 1818 quid
665 1767 736 1804 sibi
761 1760 842 1803 vult
862 1767 964 1803 istud
992 1767 1060 1819 ys?
1089 1773 1126 1803 et
1150 1767 1265 1816 periit
1291 1777 1387 1802 acu-

204 1848 295 1872 men
322 1834 440 1871 totius
466 1833 554 1870 loci.
600 1831 858 1869 Scribendum
887 1837 988 1868 erat:

399 1900 519 1938 οὐκοῦν
546 1897 692 1941 κελεύεις
720 1900 778 1935 νῦν
805 1912 848 1948 με
876 1899 996 1935 πάντα
1024 1897 1161 1947 μᾶλλον
1188 1895 1209 1937 ἢ

209 1967 257 2005 τὰ
286 1966 464 2021 προσόντα
492 1965 657 2018 φράζειν5
686 1963 730 2000 Β.
760 1964 856 1999 πάνυ
883 1976 938 2014 γε.
970 1961 1016 2000 Α.
1043 1960 1173 2016 δράσω
1200 1963 1302 2001 τοῦτό
1316 1976 1384 2001 σοι.

209 2046 257 2070 ac
294 2039 372 2068 tum
402 2030 541 2080 incipit
567 2041 671 2065 mera
701 2027 906 2064 mendacia
933 2028 982 2064 de
1014 2028 1279 2065 Demosthenis
1310 2028 1387 2064 bel·

208 2098 283 2134 lica
300 2097 441 2133 virtute
462 2093 607 2130 dicere.
645 2091 690 2128 In
716 2092 935 2142 fragmento
955 2091 1097 2128 Eubuli
1114 2092 1222 2143 apud
1244 2090 1388 2130 Athen.

208 2161 277 2199 XI.
302 2159 382 2199 467
411 2160 510 2197 haec
537 2171 643 2196 nunc
670 2159 853 2208 leguntur
876 2171 989 2195 sensu
1015 2170 1163 2195 vacua:

375 2225 486 2265 Μισώ
514 2227 663 2268 κάκις-ον
691 2223 935 2280 γραμματικὸν
963 2223 1097 2276 ἔκπωμ’
1128 2224 1196 2263 ἀεί.

371 2293 470 2348 ἀτὰρ
502 2291 549 2337 ὡς
578 2294 692 2344 ὅμοιον
721 2289 824 2342 οὑμὸς
855 2290 924 2336 υἱὸς
951 2293 1066 2343 ᾤχετο
