1572 2801
736 232 823 276 155

178 367 330 417 reliqua
359 366 410 404 ad
440 367 542 405 hanc
575 366 808 418 scripturam
840 369 1144 407 accommodans
1169 381 1356 420 superva-

180 445 300 470 cuum
336 432 423 472 ἐτῶν
466 432 607 471 delevit
646 438 684 470 et
723 432 843 472 πλεῖον
882 433 1049 485 scripsit.
1080 456 1134 463 —-
1159 435 1352 488 ἐπέμειναν.

179 498 366 537 Pervelim
387 500 504 552 igitur
527 499 782 546 Ritschelius,
813 500 872 538 vir
899 506 1053 546 acutus,
1078 502 1147 552 qui
1168 503 1357 553 plurimos

179 565 341 603 versavit
383 571 421 603 et
454 565 536 616 ipse
571 565 728 603 codices
768 571 806 603 et
846 565 1028 616 antiquos
1059 571 1097 603 et
1131 566 1277 612 futiles,
1315 569 1356 605 in

178 642 280 669 nova
313 631 483 669 editione
513 632 604 668 istas
640 631 780 682 dapes,
813 644 912 681 quas
938 631 1049 669 nobis
1075 633 1114 669 in
1146 633 1358 683 specimine

183 696 385 748 apposuit,
410 707 543 733 omnes
565 695 615 733 de
631 706 756 733 coena
779 701 994 738 removeat,
1019 696 1205 746 insipidas
1225 709 1359 734 omnes

180 768 218 800 et
248 762 449 799 nocituras
475 762 592 798 etiam
628 761 853 806 nonnullas,
892 774 940 799 ac
974 763 1123 813 primus
1157 768 1358 799 auctorem

183 827 374 866 Graecum
396 826 508 865 nobis
535 826 626 864 edat
648 832 845 878 apparatu
870 839 959 865 vere
984 829 1129 865 critico
1152 833 1357 872 ornatum,

180 905 263 944 quo
290 892 480 930 iudicium
509 892 598 929 acui
624 897 663 929 et
691 893 861 929 exerceri
887 893 1006 942 possit
1041 899 1079 930 et
1108 893 1266 930 iuvenes
1293 905 1360 944 ge·

178 971 339 998 nerosae
372 957 514 997 indolis
551 956 603 995 ad
637 969 771 995 sanam
809 958 984 996 criticam
1020 959 1261 1003 excitentur,
1292 959 1363 996 viri

181 1026 291 1064 docti
318 1027 388 1077 qui
413 1038 521 1069 nunc
542 1025 653 1062 istam
677 1025 933 1076 farraginem,
963 1039 1044 1076 qua
1068 1026 1183 1063 facile
1206 1030 1360 1069 carent,

180 1091 384 1143 negligunt
413 1096 450 1127 et
487 1096 761 1135 contemnunt,
803 1090 956 1127 subesse
991 1091 1032 1128 in
1068 1090 1126 1128 his
1159 1091 1365 1140 praeclara

183 1156 356 1195 subsidia
391 1155 610 1207 intelligant
647 1154 793 1206 quibus
829 1168 933 1206 quae
967 1156 1101 1207 inepta
1136 1156 1210 1194 sint
1244 1161 1364 1206 atque

185 1222 355 1260 absurda
385 1222 437 1259 ad
463 1234 579 1259 sanae
612 1223 749 1259 mentis
775 1222 1063 1273 simplicitatem
1098 1228 1135 1260 et
1168 1224 1369 1260 veritatem

186 1287 297 1325 haud
330 1287 462 1324 fallaci
492 1286 641 1325 iudicio
677 1288 823 1338 possint
854 1287 1004 1325 reduci.
1057 1287 1208 1336 Quibus
1242 1288 1368 1325 modis

184 1365 354 1406 peccare
386 1353 534 1390 soleant
566 1352 712 1390 librarii
739 1359 885 1391 veteres
911 1367 992 1391 non
1020 1354 1061 1391 in
1088 1354 1367 1405 singulis-scri-

184 1419 383 1471 ptoribus,
424 1431 525 1470 quos
550 1431 631 1457 non
662 1431 709 1457 eo
739 1420 901 1457 consilio
928 1420 1112 1471 legimus,
1152 1426 1207 1458 est
1240 1432 1365 1457 anno-

186 1485 369 1531 tandum,
410 1485 480 1522 sed
520 1484 855 1535 quemadmodum
895 1484 1038 1522 tirones
1074 1484 1220 1522 habent
1259 1485 1364 1522 unde

187 1551 315 1603 prima
342 1551 560 1588 Literarum
584 1550 773 1588 elementa
800 1551 951 1588 discant
974 1551 1030 1588 sic
1054 1550 1194 1588 futuris
1221 1550 1366 1587 criticis

188 1622 296 1654 certa
325 1615 559 1653 emendandi
585 1615 839 1653 fundamenta
872 1629 920 1653 ex
951 1615 1258 1667 palaeographia
1293 1628 1367 1667 pa-

188 1682 312 1721 randa
339 1687 448 1727 sunt,
480 1681 624 1733 quibus
650 1682 678 1719 si
704 1694 794 1719 usus
816 1687 854 1719 et
880 1679 1105 1720 exercitatio
1131 1682 1172 1719 in
1199 1681 1367 1732 legendo

189 1760 237 1786 ac
262 1747 472 1799 relegendo
498 1748 649 1798 optimo
674 1760 837 1798 quoque
861 1753 1034 1785 veterum
1057 1746 1261 1785 accesserit
1286 1759 1368 1784 non

188 1811 466 1851 desiderabunt
506 1811 754 1849 librariorum
790 1811 921 1849 sordes
958 1818 1000 1849 ut
1037 1813 1239 1850 manifesta
1274 1813 1367 1850 vitia

189 1877 400 1918 manifestis
421 1876 758 1915 emendationibus
780 1876 931 1914 tollant.
973 1876 1234 1928 Quicumque
1252 1877 1370 1915 Bastii

191 1946 339 1998 scripta
370 1943 477 1982 novit
511 1955 593 1981 non
626 1942 761 1980 iisdem
789 1941 934 1994 quibus
965 1943 1103 1994 vulgus
1129 1943 1373 1981 eruditorum

188 2012 314 2050 oculis
352 2010 537 2049 codicum
573 2009 783 2060 scripturas
823 2014 861 2045 et
900 2008 1125 2046 criticorum
1163 2011 1370 2048 sententias

189 2083 370 2130 spectare
395 2075 504 2113 solet.
546 2073 596 2111 At
623 2073 774 2111 Bastius
802 2077 926 2109 certas
953 2074 1106 2124 regulas
1129 2080 1166 2111 et
1190 2075 1370 2125 praecla-

192 2155 256 2180 ras
283 2142 570 2180 observationes
594 2139 725 2177 nescio
748 2150 829 2190 quo
852 2137 988 2175 iudicii
1013 2151 1143 2176 errore
1167 2141 1207 2179 in
1233 2141 1373 2179 futilis-

192 2209 295 2245 simis
313 2206 567 2259 scriptoribus
585 2216 812 2257 expromere
832 2210 1098 2242 consueverat.
1137 2205 1225 2243 Non
1244 2207 1371 2244 minus

193 2285 285 2312 vera
313 2286 361 2312 ac
393 2279 499 2312 certa
537 2271 674 2310 summi
710 2269 858 2315 critici,
888 2269 1076 2320 imprimis
1101 2269 1240 2323 Angli,
1271 2283 1372 2322 quos

196 2339 337 2392 passim
367 2353 555 2393 agnoscas
585 2340 625 2378 in
658 2337 861 2376 codicibus
891 2336 1062 2388 legendis
1097 2349 1175 2375 esse
1204 2338 1373 2377 multum
