1572 2801
727 188 785 231 75

163 332 203 367 et
243 322 515 380 ὀρνιθοφύλαξιν,
550 322 675 375 sorte
712 323 762 363 id
790 324 894 364 aliis
924 325 1160 378 placuerit,
1203 326 1353 378 quibus

165 393 311 444 volupe
338 396 401 430 est
421 393 566 444 potius
592 395 809 438 auctores,
839 396 887 430 ut
915 397 1088 438 vocant,
1130 394 1349 433 emendare

165 472 290 511 quam
321 457 552 509 explicare,
582 470 685 494 sane
712 458 906 495 instituto
928 458 987 495 ad
1007 459 1132 496 bonos
1155 465 1347 499 auctores

161 524 489 562 iniuriosis-simo
514 528 553 560 et
578 522 637 559 ad
657 523 830 574 ingenia
853 524 1045 561 iuvenum
1069 525 1348 565 studiosorum

165 589 464 641 corrumpenda
485 588 875 639 praesentissimo.’'
921 589 1049 636 Quam
1073 591 1211 628 vellem
1234 604 1346 642 prae-

161 653 435 693 stantissimum
471 666 673 706 quemque
700 653 885 704 iuvenum
915 661 1137 694 nostrorum
1167 656 1223 694 sic
1255 669 1346 696 cor-

158 721 289 771 rumpi
316 726 359 757 ut
386 721 561 770 ineptum
595 719 864 776 ὀρνιθοφύλαξιν
898 722 1093 772 patienter
1128 722 1229 759 ferre
1265 735 1347 760 non

160 785 294 838 possit.
341 785 490 822 Horum
518 786 547 822 si
576 787 664 837 quis
690 786 788 823 forte
824 786 998 832 dubitet,
1028 788 1126 825 sciat
1158 787 1199 824 in
1226 788 1345 825 unico

160 849 300 887 codice
324 847 545 887 charitonis
569 850 721 901 liquido
744 852 934 902 scriptum
959 863 1038 889 esse
1062 852 1342 909 ὀπισθοφύλαξιν.

213 914 306 966 Pag.
335 914 401 951 23.
430 913 559 951 Peius
589 916 714 951 eliam
750 919 842 952 erat
874 915 946 951 ubi
978 917 1174 955 intricati
1206 921 1344 971 taehy-

157 979 414 1032 graphorum
454 991 610 1024 nexu-5⁸,
654 979 809 1031 siglae,
854 980 1063 1019 scribendi
1101 986 1341 1038 compendia

161 1049 201 1082 et
235 1045 434 1083 vocabula
470 1045 688 1082 decurtata
714 1045 1039 1084 describentibus
1069 1054 1237 1101 negotia
1255 1051 1340 1101 fa-

161 1110 403 1162 cessebant).
433 1110 497 1148 Est
521 1109 613 1147 mihi
632 1110 781 1147 animus
802 1110 850 1147 de
873 1116 955 1148 toto
981 1111 1057 1150 hoc
1081 1126 1221 1165 genere
1245 1117 1340 1154 alias

160 1177 319 1227 copiose
343 1176 584 1227 exponendi:
623 1189 731 1213 nunc
761 1189 811 1213 ne
844 1177 1048 1228 tetigissem
1083 1180 1246 1229 quidem
1272 1182 1344 1220 nisi

158 1254 253 1279 casu
286 1241 462 1292 quodam
499 1240 593 1278 mihi
630 1248 753 1279 essent
791 1241 843 1278 ad
879 1255 1037 1280 manum
1074 1253 1259 1297 excerpta
1293 1260 1340 1285 ex

156 1307 307 1360 optimo
331 1305 471 1345 codice
497 1305 779 1352 Laurentiano,
811 1318 894 1357 quo
918 1308 1142 1347 continetur
1164 1312 1241 1350 vita
1265 1312 1340 1364 Py-

157 1375 345 1427 thagorae
373 1374 423 1412 ab
454 1374 674 1412 Iamblicho
698 1387 743 1412 ex
772 1375 1059 1425 antiquioribus
1081 1377 1339 1428 scriptoribus

161 1442 413 1487 Aristoxeno,
444 1439 709 1486 Nicomacho,
737 1440 820 1477 aliis
843 1448 1046 1479 contexta:
1074 1455 1121 1479 ex
1149 1456 1196 1480 eo
1222 1444 1341 1495 igitur

153 1508 254 1545 libro
278 1508 479 1545 luculenta
501 1507 653 1557 aliquot
676 1506 855 1556 exempla
878 1506 994 1543 huius
1015 1508 1069 1543 rei
1093 1520 1335 1558 expromam.

152 1575 313 1626 Legitur
349 1586 456 1611 nunc
495 1571 605 1622 apud
646 1571 909 1609 Iamblichum
948 1572 970 1622 §
1002 1573 1066 1611 27.
1124 1574 1336 1629 Πυθαγόρας

157 1640 355 1678 συνετέλεσε
381 1640 442 1680 τὴν
467 1637 544 1684 περὶ
571 1642 641 1676 τῶν
676 1637 843 1691 οὐρανίων
870 1636 1044 1688 ἔπιε-ήμην
1077 1637 1138 1675 καὶ
1161 1660 1216 1666 —-
1241 1641 1342 1679 esino-⁴

152 1704 301 1753 δείξεσιν
325 1727 379 1734 ——
403 1705 645 1759 ἀριθμητικαῖς
672 1704 732 1743 καὶ
757 1706 1010 1760 γεωμετρικαῖς
1040 1702 1215 1743 διέλασεν.
1260 1705 1337 1743 Co-

154 1798 251 1841 dex,
283 1797 387 1835 unde
414 1796 554 1848 reliqui
582 1808 715 1834 omnes
741 1795 959 1833 fluxerunt:
992 1773 1100 1853 -ὸζιεὲ
1104 1796 1146 1833 id
1173 1803 1229 1833 est
1259 1795 1332 1836 διέ-

156 1862 290 1914 λαβεν,
304 1863 498 1901 constanti
513 1875 583 1899 usu
599 1860 973 1912 tachygraphorum.
993 1861 1015 1911 §
1033 1862 1096 1900 72.
1119 1864 1334 1918 προσέταττε

154 1931 286 1972 σιωπὴν
320 1933 493 1971 πενταετῆ
526 1928 804 1982 ἀποπειρώμενος
841 1931 916 1971 πῶς
949 1926 1133 1981 ἐγκρατῶς
1169 1931 1334 1982 ἔχουσιν,

154 1997 266 2049 quod
294 1996 487 2034 Graecum
520 2008 601 2033 non
634 2001 700 2032 est.
758 1993 837 2031 Sed
863 1994 964 2031 male
991 1995 1245 2056 expleverunt
1279 1998 1335 2034 le-

154 2076 325 2114 ctionem
351 2074 554 2125 archetypi
583 2072 752 2110 codicis:
780 2076 857 2116 πῶς
888 2061 998 2127 ἐγκρῖι
1039 2073 1080 2110 id
1111 2080 1166 2111 est
1202 2074 1331 2129 ἐγκρα-

154 2143 261 2188 τείαις.
290 2143 411 2194 paulo
434 2147 541 2193 post:
572 2140 609 2179 ἐν
630 2139 676 2183 δὴ
700 2145 752 2193 τῷ
771 2141 889 2195 χρόνῳ
915 2141 1027 2195 τούτῳ
1052 2142 1098 2180 τὰ
1116 2141 1179 2194 μὲν
1200 2142 1331 2187 ἑκάς-ου

151 2234 364 2291 ὑπάρχοντα
391 2235 549 2279 τουτέςιν
576 2234 613 2274 αἱ
640 2233 753 2273 οὐσίαι
775 2233 974 2273 ἐκοινοῦντο.
1006 2233 1105 2272 Cod.
1127 2233 1192 2273 ἑκα
1218 2234 1331 2286 quod

148 2302 356 2355 legendum
370 2308 452 2340 erat
467 2301 605 2355 ἑκάς-ῳ.
624 2302 736 2340 simul
752 2301 879 2339 abjice
893 2300 1075 2351 putidum
1090 2299 1331 2339 additamen-
