<?xml version="1.0" encoding="UTF-8"?>
<!DOCTYPE html PUBLIC "-//W3C//DTD XHTML 1.0 Transitional//EN"
    "http://www.w3.org/TR/xhtml1/DTD/xhtml1-transitional.dtd">
<html xmlns="http://www.w3.org/1999/xhtml" xml:lang="en" lang="en">
 <head>
  <title>
</title>
<meta http-equiv="Content-Type" content="text/html;charset=utf-8" />
  <meta name='ocr-system' content='tesseract 3.04.00' />
  <meta name='ocr-capabilities' content='ocr_page ocr_carea ocr_par ocr_line ocrx_word'/>
</head>
<body>
  <div class='ocr_page' id='page_1' title='image "4738083_0106.png"; bbox 0 0 1572 2801; ppageno 0'>
   <div class='ocr_carea' id='block_1_1' title="bbox 732 140 789 183">
    <p class='ocr_par' dir='ltr' id='par_1_1' title="bbox 732 140 789 183">
     <span class='ocr_line' id='line_1_1' title="bbox 732 140 789 183; baseline 0 0"><span class='ocrx_word' id='word_1_1' title='bbox 732 140 789 183; x_wconf 73' lang='lat'><strong>92</strong></span> 
     </span>
    </p>
   </div>
   <div class='ocr_carea' id='block_1_2' title="bbox 171 271 1381 2304">
    <p class='ocr_par' dir='ltr' id='par_1_2' title="bbox 171 271 1381 2304">
     <span class='ocr_line' id='line_1_2' title="bbox 172 271 1360 330; baseline -0.003 -18"><span class='ocrx_word' id='word_1_2' title='bbox 172 274 340 313; x_wconf 78' lang='lat' dir='ltr'>feliciter</span> <span class='ocrx_word' id='word_1_3' title='bbox 366 273 467 312; x_wconf 84' lang='lat' dir='ltr'><strong>eruit</strong></span> <span class='ocrx_word' id='word_1_4' title='bbox 493 271 643 310; x_wconf 77' lang='lat' dir='ltr'><strong>amicus</strong></span> <span class='ocrx_word' id='word_1_5' title='bbox 664 271 831 322; x_wconf 80' lang='lat' dir='ltr'><strong>quidam</strong></span> <span class='ocrx_word' id='word_1_6' title='bbox 867 285 996 311; x_wconf 67' lang='lat' dir='ltr'><strong>meust</strong></span> <span class='ocrx_word' id='word_1_7' title='bbox 1034 273 1185 330; x_wconf 65' lang='grc' dir='ltr'><strong>ὲνςταίξῃ.</strong></span> <span class='ocrx_word' id='word_1_8' title='bbox 1238 274 1360 328; x_wconf 70' lang='lat' dir='ltr'><strong>Apud</strong></span> 
     </span>
     <span class='ocr_line' id='line_1_3' title="bbox 176 333 1357 391; baseline 0.003 -15"><span class='ocrx_word' id='word_1_9' title='bbox 176 340 327 389; x_wconf 80' lang='lat' dir='ltr'><strong>Lysiam</strong></span> <span class='ocrx_word' id='word_1_10' title='bbox 368 338 505 374; x_wconf 85' lang='lat' dir='ltr'><strong>eadem</strong></span> <span class='ocrx_word' id='word_1_11' title='bbox 544 337 666 374; x_wconf 80' lang='lat' dir='ltr'><strong>forma</strong></span> <span class='ocrx_word' id='word_1_12' title='bbox 706 333 822 391; x_wconf 84' lang='grc' dir='ltr'>ὦφλεν</span> <span class='ocrx_word' id='word_1_13' title='bbox 860 338 999 376; x_wconf 86' lang='lat' dir='ltr'><strong>iterum</strong></span> <span class='ocrx_word' id='word_1_14' title='bbox 1036 339 1251 391; x_wconf 79' lang='lat' dir='ltr'><strong>depravata</strong></span> <span class='ocrx_word' id='word_1_15' title='bbox 1283 340 1357 378; x_wconf 75' lang='lat' dir='ltr'><strong>fuit</strong></span> 
     </span>
     <span class='ocr_line' id='line_1_4' title="bbox 174 403 1357 457; baseline 0.003 -15"><span class='ocrx_word' id='word_1_16' title='bbox 174 419 214 455; x_wconf 89' lang='lat' dir='ltr'><strong>p.</strong></span> <span class='ocrx_word' id='word_1_17' title='bbox 245 404 319 442; x_wconf 84' lang='lat'><strong>159</strong></span> <span class='ocrx_word' id='word_1_18' title='bbox 338 403 435 456; x_wconf 84' lang='grc'>(389</span> <span class='ocrx_word' id='word_1_19' title='bbox 449 404 514 453; x_wconf 90' lang='grc' dir='ltr'><strong>Β.)</strong></span> <span class='ocrx_word' id='word_1_20' title='bbox 534 404 573 440; x_wconf 89' lang='lat' dir='ltr'><strong>in</strong></span> <span class='ocrx_word' id='word_1_21' title='bbox 596 403 736 457; x_wconf 84' lang='grc' dir='ltr'>ὤφειλεν</span> <span class='ocrx_word' id='word_1_22' title='bbox 743 435 758 455; x_wconf 83' lang='lat'><em>,</em></span> <span class='ocrx_word' id='word_1_23' title='bbox 789 403 854 441; x_wconf 91' lang='lat' dir='ltr'><strong>ubi</strong></span> <span class='ocrx_word' id='word_1_24' title='bbox 880 411 1082 444; x_wconf 82' lang='lat' dir='ltr'><strong>corrector</strong></span> <span class='ocrx_word' id='word_1_25' title='bbox 1107 405 1207 444; x_wconf 84' lang='lat' dir='ltr'><strong>bene</strong></span> <span class='ocrx_word' id='word_1_26' title='bbox 1224 412 1357 445; x_wconf 77' lang='lat' dir='ltr'><strong>emen-</strong></span> 
     </span>
     <span class='ocr_line' id='line_1_5' title="bbox 174 466 1359 524; baseline 0.001 -17"><span class='ocrx_word' id='word_1_27' title='bbox 174 470 305 508; x_wconf 81' lang='lat' dir='ltr'><strong>davit:</strong></span> <span class='ocrx_word' id='word_1_28' title='bbox 333 474 387 509; x_wconf 83' lang='grc' dir='ltr'><strong>ὅτι</strong></span> <span class='ocrx_word' id='word_1_29' title='bbox 419 472 579 508; x_wconf 77' lang='grc' dir='ltr'>τοσαῦτα</span> <span class='ocrx_word' id='word_1_30' title='bbox 610 466 731 524; x_wconf 83' lang='grc' dir='ltr'>ὦφλε</span> <span class='ocrx_word' id='word_1_31' title='bbox 762 474 951 524; x_wconf 82' lang='grc' dir='ltr'><strong>χρήματα.</strong></span> <span class='ocrx_word' id='word_1_32' title='bbox 984 468 1235 509; x_wconf 79' lang='lat' dir='ltr'><strong>Vocabulum</strong></span> <span class='ocrx_word' id='word_1_33' title='bbox 1260 471 1359 522; x_wconf 79' lang='grc' dir='ltr'><strong>κᾷτα</strong></span> 
     </span>
     <span class='ocr_line' id='line_1_6' title="bbox 171 536 1358 591; baseline 0.003 -18"><span class='ocrx_word' id='word_1_34' title='bbox 171 536 213 574; x_wconf 90' lang='lat' dir='ltr'><strong>in</strong></span> <span class='ocrx_word' id='word_1_35' title='bbox 240 536 502 591; x_wconf 65' lang='lat' dir='ltr'><strong>Aristophaue</strong></span> <span class='ocrx_word' id='word_1_36' title='bbox 530 536 715 573; x_wconf 84' lang='lat' dir='ltr'><strong>admonet</strong></span> <span class='ocrx_word' id='word_1_37' title='bbox 738 549 800 573; x_wconf 88' lang='lat' dir='ltr'><strong>me</strong></span> <span class='ocrx_word' id='word_1_38' title='bbox 822 536 898 576; x_wconf 83' lang='lat' dir='ltr'><strong>loci</strong></span> <span class='ocrx_word' id='word_1_39' title='bbox 925 536 1098 587; x_wconf 61' lang='lat' dir='ltr'><strong>Lysiam,</strong></span> <span class='ocrx_word' id='word_1_40' title='bbox 1129 537 1168 575; x_wconf 88' lang='lat' dir='ltr'><strong>in</strong></span> <span class='ocrx_word' id='word_1_41' title='bbox 1192 550 1276 588; x_wconf 87' lang='lat' dir='ltr'><strong>quo</strong></span> <span class='ocrx_word' id='word_1_42' title='bbox 1297 538 1358 576; x_wconf 85' lang='lat' dir='ltr'><strong>la-</strong></span> 
     </span>
     <span class='ocr_line' id='line_1_7' title="bbox 175 598 1358 658; baseline 0.003 -19"><span class='ocrx_word' id='word_1_43' title='bbox 175 608 256 639; x_wconf 86' lang='lat' dir='ltr'><strong>tere</strong></span> <span class='ocrx_word' id='word_1_44' title='bbox 284 602 440 639; x_wconf 81' lang='lat' dir='ltr'><strong>videtur</strong></span> <span class='ocrx_word' id='word_1_45' title='bbox 471 616 514 652; x_wconf 89' lang='lat' dir='ltr'><strong>p.</strong></span> <span class='ocrx_word' id='word_1_46' title='bbox 544 600 620 639; x_wconf 88' lang='lat'><strong>185</strong></span> <span class='ocrx_word' id='word_1_47' title='bbox 645 598 755 651; x_wconf 73' lang='lat'>(454.</span> <span class='ocrx_word' id='word_1_48' title='bbox 786 600 850 651; x_wconf 86' lang='grc' dir='ltr'><strong>Β.)</strong></span> <span class='ocrx_word' id='word_1_49' title='bbox 889 601 949 640; x_wconf 82' lang='grc' dir='ltr'><strong>καὶ</strong></span> <span class='ocrx_word' id='word_1_50' title='bbox 982 603 1112 649; x_wconf 85' lang='grc' dir='ltr'>τούτοις</span> <span class='ocrx_word' id='word_1_51' title='bbox 1137 603 1155 641; x_wconf 87' lang='grc' dir='ltr'><strong><em>ὁ</em></strong></span> <span class='ocrx_word' id='word_1_52' title='bbox 1187 603 1358 658; x_wconf 82' lang='grc' dir='ltr'>ἱερόσυλος</span> 
     </span>
     <span class='ocr_line' id='line_1_8' title="bbox 176 666 1362 722; baseline 0.003 -15"><span class='ocrx_word' id='word_1_53' title='bbox 176 669 375 722; x_wconf 78' lang='grc' dir='ltr'>περιτρέχει</span> <span class='ocrx_word' id='word_1_54' title='bbox 404 667 515 721; x_wconf 78' lang='grc' dir='ltr'>λέγων</span> <span class='ocrx_word' id='word_1_55' title='bbox 551 667 619 711; x_wconf 87' lang='grc' dir='ltr'><strong>ὡς·</strong></span> <span class='ocrx_word' id='word_1_56' title='bbox 637 666 816 718; x_wconf 74' lang='grc' dir='ltr'>εὐσέβειαν</span> <span class='ocrx_word' id='word_1_57' title='bbox 856 667 938 706; x_wconf 82' lang='grc' dir='ltr'>ἀλλ’</span> <span class='ocrx_word' id='word_1_58' title='bbox 974 668 1053 707; x_wconf 64' lang='grc' dir='ltr'><strong>σῦκ’</strong></span> <span class='ocrx_word' id='word_1_59' title='bbox 1068 669 1245 710; x_wconf 75' lang='grc' dir='ltr'>εὐτέλειαν</span> <span class='ocrx_word' id='word_1_60' title='bbox 1280 671 1362 710; x_wconf 80' lang='grc' dir='ltr'>ἀνέ-</span> 
     </span>
     <span class='ocr_line' id='line_1_9' title="bbox 178 730 1363 790; baseline 0.002 -17"><span class='ocrx_word' id='word_1_61' title='bbox 178 734 309 789; x_wconf 78' lang='grc' dir='ltr'>γραψε.</span> <span class='ocrx_word' id='word_1_62' title='bbox 351 733 603 781; x_wconf 85' lang='lat' dir='ltr'><strong>Marklandus</strong></span> <span class='ocrx_word' id='word_1_63' title='bbox 626 730 687 771; x_wconf 78' lang='grc' dir='ltr'><strong>καὶ</strong></span> <span class='ocrx_word' id='word_1_64' title='bbox 716 731 773 771; x_wconf 83' lang='grc' dir='ltr'><strong>ἐπὶ</strong></span> <span class='ocrx_word' id='word_1_65' title='bbox 807 733 938 779; x_wconf 83' lang='grc' dir='ltr'><strong>τούτοις</strong></span> <span class='ocrx_word' id='word_1_66' title='bbox 969 733 1212 787; x_wconf 84' lang='lat' dir='ltr'><strong>corrigebat:</strong></span> <span class='ocrx_word' id='word_1_67' title='bbox 1250 737 1363 790; x_wconf 83' lang='lat' dir='ltr'><strong>equi-</strong></span> 
     </span>
     <span class='ocr_line' id='line_1_10' title="bbox 177 799 1364 853; baseline 0.003 -15"><span class='ocrx_word' id='word_1_68' title='bbox 177 802 267 838; x_wconf 86' lang='lat' dir='ltr'><strong>dem</strong></span> <span class='ocrx_word' id='word_1_69' title='bbox 295 811 507 851; x_wconf 84' lang='lat' dir='ltr'>agnoscam</span> <span class='ocrx_word' id='word_1_70' title='bbox 538 799 667 836; x_wconf 81' lang='lat' dir='ltr'><strong>Attice</strong></span> <span class='ocrx_word' id='word_1_71' title='bbox 699 799 926 850; x_wconf 85' lang='lat' dir='ltr'><strong>loquentem</strong></span> <span class='ocrx_word' id='word_1_72' title='bbox 953 800 981 837; x_wconf 90' lang='lat' dir='ltr'><strong>si</strong></span> <span class='ocrx_word' id='word_1_73' title='bbox 1009 802 1242 845; x_wconf 82' lang='lat' dir='ltr'>correxeris:</span> <span class='ocrx_word' id='word_1_74' title='bbox 1285 799 1364 853; x_wconf 77' lang='grc' dir='ltr'><strong>κᾷθ’</strong></span> 
     </span>
     <span class='ocr_line' id='line_1_11' title="bbox 178 865 1364 921; baseline 0.002 -17"><span class='ocrx_word' id='word_1_75' title='bbox 178 866 197 904; x_wconf 89' lang='grc' dir='ltr'>ὁ</span> <span class='ocrx_word' id='word_1_76' title='bbox 236 866 411 921; x_wconf 83' lang='grc' dir='ltr'>ἱερόσυλος</span> <span class='ocrx_word' id='word_1_77' title='bbox 431 867 647 921; x_wconf 14' lang='grc' dir='ltr'>’περιτρέχει</span> <span class='ocrx_word' id='word_1_78' title='bbox 690 865 815 916; x_wconf 79' lang='grc' dir='ltr'><strong>λέγων.</strong></span> <span class='ocrx_word' id='word_1_79' title='bbox 867 867 1099 905; x_wconf 83' lang='lat' dir='ltr'><strong>Ridiculum</strong></span> <span class='ocrx_word' id='word_1_80' title='bbox 1136 869 1272 905; x_wconf 84' lang='lat' dir='ltr'><strong>vitium</strong></span> <span class='ocrx_word' id='word_1_81' title='bbox 1308 875 1364 906; x_wconf 85' lang='lat' dir='ltr'><strong>est</strong></span> 
     </span>
     <span class='ocr_line' id='line_1_12' title="bbox 181 930 1364 986; baseline 0.001 -16"><span class='ocrx_word' id='word_1_82' title='bbox 181 947 222 983; x_wconf 89' lang='lat' dir='ltr'><strong>p.</strong></span> <span class='ocrx_word' id='word_1_83' title='bbox 256 931 329 969; x_wconf 83' lang='grc'><strong>136</strong></span> <span class='ocrx_word' id='word_1_84' title='bbox 350 930 449 982; x_wconf 79' lang='lat'>(329</span> <span class='ocrx_word' id='word_1_85' title='bbox 475 931 538 982; x_wconf 92' lang='grc' dir='ltr'><strong>Β.)</strong></span> <span class='ocrx_word' id='word_1_86' title='bbox 567 931 784 984; x_wconf 83' lang='grc' dir='ltr'>ἐπετυχέτην</span> <span class='ocrx_word' id='word_1_87' title='bbox 812 932 910 986; x_wconf 76' lang='grc' dir='ltr'>αὐτῷ</span> <span class='ocrx_word' id='word_1_88' title='bbox 941 931 1150 985; x_wconf 75' lang='grc' dir='ltr'>βαδίζοντι,</span> <span class='ocrx_word' id='word_1_89' title='bbox 1191 946 1364 985; x_wconf 85' lang='lat' dir='ltr'><strong>namque</strong></span> 
     </span>
     <span class='ocr_line' id='line_1_13' title="bbox 179 997 1367 1052; baseline 0.003 -19"><span class='ocrx_word' id='word_1_90' title='bbox 179 1003 237 1034; x_wconf 85' lang='lat' dir='ltr'><strong>est</strong></span> <span class='ocrx_word' id='word_1_91' title='bbox 265 997 417 1047; x_wconf 87' lang='lat' dir='ltr'><strong>aliquid</strong></span> <span class='ocrx_word' id='word_1_92' title='bbox 449 998 550 1034; x_wconf 90' lang='lat' dir='ltr'><strong>inter</strong></span> <span class='ocrx_word' id='word_1_93' title='bbox 580 997 756 1051; x_wconf 85' lang='grc' dir='ltr'><em>ἐπιτυχεῖν</em></span> <span class='ocrx_word' id='word_1_94' title='bbox 786 1005 823 1035; x_wconf 87' lang='lat' dir='ltr'><strong>et</strong></span> <span class='ocrx_word' id='word_1_95' title='bbox 844 1000 1075 1052; x_wconf 76' lang='grc' dir='ltr'>περιτυχεῖν,</span> <span class='ocrx_word' id='word_1_96' title='bbox 1107 999 1219 1050; x_wconf 90' lang='lat' dir='ltr'><strong>quod</strong></span> <span class='ocrx_word' id='word_1_97' title='bbox 1248 1011 1367 1051; x_wconf 90' lang='lat' dir='ltr'><strong>repo-</strong></span> 
     </span>
     <span class='ocr_line' id='line_1_14' title="bbox 178 1063 1366 1116; baseline 0.002 -14"><span class='ocrx_word' id='word_1_98' title='bbox 178 1063 367 1102; x_wconf 84' lang='lat' dir='ltr'><strong>nendum.</strong></span> <span class='ocrx_word' id='word_1_99' title='bbox 420 1064 546 1103; x_wconf 85' lang='lat' dir='ltr'><strong>Minus</strong></span> <span class='ocrx_word' id='word_1_100' title='bbox 587 1066 718 1116; x_wconf 86' lang='lat' dir='ltr'><strong>turpia</strong></span> <span class='ocrx_word' id='word_1_101' title='bbox 755 1071 793 1103; x_wconf 81' lang='lat' dir='ltr'><strong>at</strong></span> <span class='ocrx_word' id='word_1_102' title='bbox 826 1078 907 1103; x_wconf 89' lang='lat' dir='ltr'><strong>non</strong></span> <span class='ocrx_word' id='word_1_103' title='bbox 946 1067 1073 1104; x_wconf 87' lang='lat' dir='ltr'><strong>minus</strong></span> <span class='ocrx_word' id='word_1_104' title='bbox 1108 1067 1244 1104; x_wconf 83' lang='lat' dir='ltr'><strong>vitiosa</strong></span> <span class='ocrx_word' id='word_1_105' title='bbox 1276 1073 1366 1104; x_wconf 73' lang='lat' dir='ltr'><strong>sunt</strong></span> 
     </span>
     <span class='ocr_line' id='line_1_15' title="bbox 181 1130 1369 1182; baseline 0.002 -15"><span class='ocrx_word' id='word_1_106' title='bbox 181 1130 302 1168; x_wconf 86' lang='lat' dir='ltr'><strong>haec:</strong></span> <span class='ocrx_word' id='word_1_107' title='bbox 334 1130 494 1175; x_wconf 81' lang='grc' dir='ltr'>ἐλεεινούς</span> <span class='ocrx_word' id='word_1_108' title='bbox 518 1144 591 1182; x_wconf 89' lang='lat' dir='ltr'><strong>pro</strong></span> <span class='ocrx_word' id='word_1_109' title='bbox 615 1131 763 1176; x_wconf 85' lang='grc' dir='ltr'>ἐλεινούς</span> <span class='ocrx_word' id='word_1_110' title='bbox 791 1146 835 1182; x_wconf 66' lang='grc' dir='ltr'><strong>ρ.</strong></span> <span class='ocrx_word' id='word_1_111' title='bbox 860 1131 936 1169; x_wconf 84' lang='grc'><strong>182</strong></span> <span class='ocrx_word' id='word_1_112' title='bbox 961 1130 1070 1181; x_wconf 78' lang='grc'>(447.</span> <span class='ocrx_word' id='word_1_113' title='bbox 1097 1131 1161 1182; x_wconf 88' lang='grc' dir='ltr'><strong>Β.)</strong></span> <span class='ocrx_word' id='word_1_114' title='bbox 1186 1131 1300 1182; x_wconf 90' lang='lat' dir='ltr'><strong>quod</strong></span> <span class='ocrx_word' id='word_1_115' title='bbox 1321 1144 1369 1169; x_wconf 86' lang='lat' dir='ltr'><strong>ex</strong></span> 
     </span>
     <span class='ocr_line' id='line_1_16' title="bbox 176 1196 1369 1242; baseline -0.001 -7"><span class='ocrx_word' id='word_1_116' title='bbox 176 1197 352 1235; x_wconf 84' lang='lat' dir='ltr'><strong>Homero</strong></span> <span class='ocrx_word' id='word_1_117' title='bbox 387 1198 502 1235; x_wconf 86' lang='lat' dir='ltr'><strong>etiam</strong></span> <span class='ocrx_word' id='word_1_118' title='bbox 540 1198 616 1235; x_wconf 86' lang='lat' dir='ltr'><strong>alio</strong></span> <span class='ocrx_word' id='word_1_119' title='bbox 645 1199 748 1236; x_wconf 85' lang='lat' dir='ltr'><strong>male</strong></span> <span class='ocrx_word' id='word_1_120' title='bbox 781 1198 979 1235; x_wconf 81' lang='lat' dir='ltr'><strong>invectum</strong></span> <span class='ocrx_word' id='word_1_121' title='bbox 1017 1203 1093 1242; x_wconf 87' lang='lat' dir='ltr'><strong>est,</strong></span> <span class='ocrx_word' id='word_1_122' title='bbox 1125 1202 1168 1235; x_wconf 90' lang='lat' dir='ltr'><strong>ut</strong></span> <span class='ocrx_word' id='word_1_123' title='bbox 1201 1196 1369 1235; x_wconf 81' lang='lat' dir='ltr'><strong>ostendit</strong></span> 
     </span>
     <span class='ocr_line' id='line_1_17' title="bbox 185 1260 1364 1314; baseline 0.001 -16"><span class='ocrx_word' id='word_1_124' title='bbox 185 1261 378 1299; x_wconf 88' lang='lat' dir='ltr'><strong>Porsonus</strong></span> <span class='ocrx_word' id='word_1_125' title='bbox 401 1263 441 1299; x_wconf 88' lang='lat' dir='ltr'><strong>in</strong></span> <span class='ocrx_word' id='word_1_126' title='bbox 465 1264 630 1313; x_wconf 82' lang='lat' dir='ltr'><strong>praefat.</strong></span> <span class='ocrx_word' id='word_1_127' title='bbox 662 1264 713 1300; x_wconf 87' lang='lat' dir='ltr'><strong>ad</strong></span> <span class='ocrx_word' id='word_1_128' title='bbox 740 1263 945 1300; x_wconf 85' lang='lat' dir='ltr'><strong>Hecubam</strong></span> <span class='ocrx_word' id='word_1_129' title='bbox 972 1277 1023 1314; x_wconf 67' lang='lat' dir='ltr'><strong>p.⁴</strong></span> <span class='ocrx_word' id='word_1_130' title='bbox 1040 1261 1126 1299; x_wconf 78' lang='lat' dir='ltr'>VII.</span> <span class='ocrx_word' id='word_1_131' title='bbox 1155 1261 1228 1312; x_wconf 88' lang='lat' dir='ltr'><strong>(IX</strong></span> <span class='ocrx_word' id='word_1_132' title='bbox 1250 1260 1364 1313; x_wconf 83' lang='lat' dir='ltr'><strong>sch.)</strong></span> 
     </span>
     <span class='ocr_line' id='line_1_18' title="bbox 181 1322 1368 1383; baseline -0.001 -18"><span class='ocrx_word' id='word_1_133' title='bbox 181 1322 391 1383; x_wconf 74' lang='grc' dir='ltr'>ὀλιγαρχίαν</span> <span class='ocrx_word' id='word_1_134' title='bbox 422 1328 624 1373; x_wconf 77' lang='grc' dir='ltr'>καθιςάνειν</span> <span class='ocrx_word' id='word_1_135' title='bbox 653 1341 726 1379; x_wconf 89' lang='lat' dir='ltr'><strong>pro</strong></span> <span class='ocrx_word' id='word_1_136' title='bbox 763 1328 954 1373; x_wconf 71' lang='grc' dir='ltr'>καθιζάναι</span> <span class='ocrx_word' id='word_1_137' title='bbox 989 1341 1029 1378; x_wconf 89' lang='lat' dir='ltr'><strong>p.</strong></span> <span class='ocrx_word' id='word_1_138' title='bbox 1062 1326 1136 1365; x_wconf 88' lang='lat'><strong>180</strong></span> <span class='ocrx_word' id='word_1_139' title='bbox 1164 1326 1275 1379; x_wconf 76' lang='grc'>(441.</span> <span class='ocrx_word' id='word_1_140' title='bbox 1302 1325 1368 1379; x_wconf 90' lang='grc' dir='ltr'><strong>Β.)</strong></span> 
     </span>
     <span class='ocr_line' id='line_1_19' title="bbox 183 1394 1372 1446; baseline 0.002 -17"><span class='ocrx_word' id='word_1_141' title='bbox 183 1405 265 1443; x_wconf 90' lang='lat' dir='ltr'><strong>qua</strong></span> <span class='ocrx_word' id='word_1_142' title='bbox 303 1394 383 1430; x_wconf 83' lang='lat' dir='ltr'><strong>sola</strong></span> <span class='ocrx_word' id='word_1_143' title='bbox 422 1395 546 1431; x_wconf 81' lang='lat' dir='ltr'><strong>forma</strong></span> <span class='ocrx_word' id='word_1_144' title='bbox 580 1394 738 1446; x_wconf 85' lang='lat' dir='ltr'><strong>probati</strong></span> <span class='ocrx_word' id='word_1_145' title='bbox 776 1395 986 1445; x_wconf 79' lang='lat' dir='ltr'>scriptores</span> <span class='ocrx_word' id='word_1_146' title='bbox 1020 1399 1206 1437; x_wconf 85' lang='lat' dir='ltr'><strong>utuntur,</strong></span> <span class='ocrx_word' id='word_1_147' title='bbox 1246 1406 1372 1444; x_wconf 90' lang='lat' dir='ltr'><strong>quum</strong></span> 
     </span>
     <span class='ocr_line' id='line_1_20' title="bbox 184 1458 1374 1505; baseline 0 -8"><span class='ocrx_word' id='word_1_148' title='bbox 184 1458 325 1498; x_wconf 77' lang='grc' dir='ltr'>ἰδιῶται</span> <span class='ocrx_word' id='word_1_149' title='bbox 352 1461 588 1498; x_wconf 87' lang='lat' dir='ltr'><strong>recentiores</strong></span> <span class='ocrx_word' id='word_1_150' title='bbox 614 1462 779 1505; x_wconf 65' lang='grc' dir='ltr'>καὲιςοῖν</span> <span class='ocrx_word' id='word_1_151' title='bbox 806 1466 842 1497; x_wconf 90' lang='lat' dir='ltr'><strong>et</strong></span> <span class='ocrx_word' id='word_1_152' title='bbox 868 1461 1079 1504; x_wconf 68' lang='grc' dir='ltr'>καθιζάνειυ</span> <span class='ocrx_word' id='word_1_153' title='bbox 1113 1459 1245 1497; x_wconf 85' lang='lat' dir='ltr'><strong>dicere</strong></span> <span class='ocrx_word' id='word_1_154' title='bbox 1275 1459 1374 1497; x_wconf 89' lang='lat' dir='ltr'><strong>sole-</strong></span> 
     </span>
     <span class='ocr_line' id='line_1_21' title="bbox 189 1524 1371 1576; baseline 0 -14"><span class='ocrx_word' id='word_1_155' title='bbox 189 1532 299 1570; x_wconf 85' lang='lat' dir='ltr'><strong>rent,</strong></span> <span class='ocrx_word' id='word_1_156' title='bbox 330 1524 408 1562; x_wconf 85' lang='lat' dir='ltr'><strong>vid.</strong></span> <span class='ocrx_word' id='word_1_157' title='bbox 441 1525 658 1562; x_wconf 86' lang='lat' dir='ltr'><strong>Lucianum</strong></span> <span class='ocrx_word' id='word_1_158' title='bbox 683 1526 724 1562; x_wconf 88' lang='lat' dir='ltr'><strong>in</strong></span> <span class='ocrx_word' id='word_1_159' title='bbox 750 1525 964 1562; x_wconf 79' lang='lat' dir='ltr'><strong>Soloecista</strong></span> <span class='ocrx_word' id='word_1_160' title='bbox 985 1524 1092 1562; x_wconf 86' lang='lat' dir='ltr'><strong>Tom.</strong></span> <span class='ocrx_word' id='word_1_161' title='bbox 1120 1524 1191 1561; x_wconf 85' lang='lat'><strong>111.</strong></span> <span class='ocrx_word' id='word_1_162' title='bbox 1218 1539 1257 1576; x_wconf 90' lang='lat' dir='ltr'><strong>p.</strong></span> <span class='ocrx_word' id='word_1_163' title='bbox 1279 1525 1371 1564; x_wconf 87' lang='lat'>571.</span> 
     </span>
     <span class='ocr_line' id='line_1_22' title="bbox 187 1591 1373 1645; baseline 0.001 -16"><span class='ocrx_word' id='word_1_164' title='bbox 187 1591 326 1642; x_wconf 87' lang='lat' dir='ltr'><strong>Neque</strong></span> <span class='ocrx_word' id='word_1_165' title='bbox 359 1594 474 1643; x_wconf 86' lang='grc' dir='ltr'>ὤμνυε</span> <span class='ocrx_word' id='word_1_166' title='bbox 510 1603 582 1643; x_wconf 90' lang='lat' dir='ltr'><strong>pro</strong></span> <span class='ocrx_word' id='word_1_167' title='bbox 617 1595 713 1645; x_wconf 83' lang='grc' dir='ltr'>ὤμνυ</span> <span class='ocrx_word' id='word_1_168' title='bbox 743 1605 764 1629; x_wconf 85' lang='lat' dir='ltr'><strong>a</strong></span> <span class='ocrx_word' id='word_1_169' title='bbox 794 1591 907 1642; x_wconf 86' lang='lat' dir='ltr'><strong>Lysia</strong></span> <span class='ocrx_word' id='word_1_170' title='bbox 935 1591 1030 1642; x_wconf 89' lang='lat' dir='ltr'><strong>poni</strong></span> <span class='ocrx_word' id='word_1_171' title='bbox 1066 1592 1194 1642; x_wconf 84' lang='lat' dir='ltr'><strong>potuit</strong></span> <span class='ocrx_word' id='word_1_172' title='bbox 1223 1605 1262 1643; x_wconf 88' lang='lat' dir='ltr'><strong>p.</strong></span> <span class='ocrx_word' id='word_1_173' title='bbox 1298 1591 1373 1630; x_wconf 77' lang='lat'><strong>154</strong></span> 
     </span>
     <span class='ocr_line' id='line_1_23' title="bbox 185 1656 1372 1710; baseline 0.003 -16"><span class='ocrx_word' id='word_1_174' title='bbox 185 1657 296 1707; x_wconf 83' lang='lat'>(376.</span> <span class='ocrx_word' id='word_1_175' title='bbox 326 1657 391 1707; x_wconf 94' lang='grc' dir='ltr'><strong>Β.)</strong></span> <span class='ocrx_word' id='word_1_176' title='bbox 431 1658 524 1708; x_wconf 89' lang='lat' dir='ltr'><strong>quia</strong></span> <span class='ocrx_word' id='word_1_177' title='bbox 563 1657 758 1695; x_wconf 73' lang='lat' dir='ltr'><strong>recentior</strong></span> <span class='ocrx_word' id='word_1_178' title='bbox 793 1656 858 1694; x_wconf 87' lang='lat' dir='ltr'><strong>hic</strong></span> <span class='ocrx_word' id='word_1_179' title='bbox 892 1669 983 1695; x_wconf 89' lang='lat' dir='ltr'><strong>usus</strong></span> <span class='ocrx_word' id='word_1_180' title='bbox 1020 1662 1096 1702; x_wconf 89' lang='lat' dir='ltr'><strong>est,</strong></span> <span class='ocrx_word' id='word_1_181' title='bbox 1139 1670 1223 1707; x_wconf 89' lang='lat' dir='ltr'><strong>quo</strong></span> <span class='ocrx_word' id='word_1_182' title='bbox 1258 1657 1372 1710; x_wconf 81' lang='grc' dir='ltr'>ὀμνύω</span> 
     </span>
     <span class='ocr_line' id='line_1_24' title="bbox 184 1722 1375 1773; baseline 0 -11"><span class='ocrx_word' id='word_1_183' title='bbox 184 1722 332 1762; x_wconf 73' lang='grc' dir='ltr'>δεικνύω</span> <span class='ocrx_word' id='word_1_184' title='bbox 357 1729 393 1759; x_wconf 88' lang='lat' dir='ltr'><strong>et</strong></span> <span class='ocrx_word' id='word_1_185' title='bbox 414 1723 552 1760; x_wconf 79' lang='lat' dir='ltr'><strong>similia</strong></span> <span class='ocrx_word' id='word_1_186' title='bbox 573 1722 813 1773; x_wconf 81' lang='lat' dir='ltr'><strong>frequentari</strong></span> <span class='ocrx_word' id='word_1_187' title='bbox 838 1727 1075 1772; x_wconf 84' lang='lat' dir='ltr'><strong>coeperunt,</strong></span> <span class='ocrx_word' id='word_1_188' title='bbox 1107 1734 1238 1773; x_wconf 84' lang='lat' dir='ltr'><strong>neque</strong></span> <span class='ocrx_word' id='word_1_189' title='bbox 1261 1722 1375 1762; x_wconf 80' lang='grc' dir='ltr'>Ἀκα-</span> 
     </span>
     <span class='ocr_line' id='line_1_25' title="bbox 186 1787 1372 1841; baseline -0.001 -13"><span class='ocrx_word' id='word_1_190' title='bbox 186 1789 319 1841; x_wconf 74' lang='grc' dir='ltr'>δημίαν</span> <span class='ocrx_word' id='word_1_191' title='bbox 337 1802 411 1841; x_wconf 90' lang='lat' dir='ltr'><strong>pro</strong></span> <span class='ocrx_word' id='word_1_192' title='bbox 439 1788 707 1841; x_wconf 74' lang='grc' dir='ltr'>Ἀκαδήμειαν,</span> <span class='ocrx_word' id='word_1_193' title='bbox 736 1800 840 1838; x_wconf 81' lang='lat' dir='ltr'><strong>quae</strong></span> <span class='ocrx_word' id='word_1_194' title='bbox 863 1787 1094 1825; x_wconf 77' lang='lat' dir='ltr'><strong>solaforma</strong></span> <span class='ocrx_word' id='word_1_195' title='bbox 1119 1787 1270 1826; x_wconf 77' lang='lat' dir='ltr'><strong>Graeca</strong></span> <span class='ocrx_word' id='word_1_196' title='bbox 1294 1796 1372 1835; x_wconf 84' lang='lat' dir='ltr'><strong>est,</strong></span> 
     </span>
     <span class='ocr_line' id='line_1_26' title="bbox 188 1852 1373 1909; baseline -0.001 -15"><span class='ocrx_word' id='word_1_197' title='bbox 188 1872 231 1909; x_wconf 91' lang='lat' dir='ltr'><strong>p.</strong></span> <span class='ocrx_word' id='word_1_198' title='bbox 259 1855 335 1894; x_wconf 84' lang='lat'><strong>150</strong></span> <span class='ocrx_word' id='word_1_199' title='bbox 363 1854 460 1907; x_wconf 88' lang='grc'>(366</span> <span class='ocrx_word' id='word_1_200' title='bbox 491 1855 555 1906; x_wconf 94' lang='grc' dir='ltr'><strong>Β.)</strong></span> <span class='ocrx_word' id='word_1_201' title='bbox 578 1869 710 1908; x_wconf 85' lang='lat' dir='ltr'><strong>neque</strong></span> <span class='ocrx_word' id='word_1_202' title='bbox 736 1852 961 1901; x_wconf 67' lang='grc' dir='ltr'>ἀποδείξαιεν</span> <span class='ocrx_word' id='word_1_203' title='bbox 986 1869 1028 1907; x_wconf 88' lang='lat' dir='ltr'><strong>p.</strong></span> <span class='ocrx_word' id='word_1_204' title='bbox 1062 1853 1137 1892; x_wconf 82' lang='lat'><strong>146</strong></span> <span class='ocrx_word' id='word_1_205' title='bbox 1168 1854 1276 1906; x_wconf 82' lang='lat'>(355.</span> <span class='ocrx_word' id='word_1_206' title='bbox 1308 1855 1373 1908; x_wconf 89' lang='grc' dir='ltr'><strong>Β.)</strong></span> 
     </span>
     <span class='ocr_line' id='line_1_27' title="bbox 191 1919 1374 1972; baseline -0.004 -10"><span class='ocrx_word' id='word_1_207' title='bbox 191 1930 256 1961; x_wconf 83' lang='lat' dir='ltr'><strong>aut</strong></span> <span class='ocrx_word' id='word_1_208' title='bbox 286 1922 530 1964; x_wconf 84' lang='grc' dir='ltr'>τελευτήσαιεν</span> <span class='ocrx_word' id='word_1_209' title='bbox 559 1936 600 1972; x_wconf 81' lang='lat' dir='ltr'><strong>p.</strong></span> <span class='ocrx_word' id='word_1_210' title='bbox 636 1921 712 1959; x_wconf 86' lang='lat'><strong>133</strong></span> <span class='ocrx_word' id='word_1_211' title='bbox 747 1920 857 1972; x_wconf 78' lang='lat'>(324.</span> <span class='ocrx_word' id='word_1_212' title='bbox 886 1921 950 1971; x_wconf 91' lang='grc' dir='ltr'><strong>Β.)</strong></span> <span class='ocrx_word' id='word_1_213' title='bbox 982 1933 1106 1971; x_wconf 90' lang='lat' dir='ltr'><strong>quum</strong></span> <span class='ocrx_word' id='word_1_214' title='bbox 1132 1919 1252 1962; x_wconf 86' lang='lat' dir='ltr'><strong>Attici</strong></span> <span class='ocrx_word' id='word_1_215' title='bbox 1277 1932 1374 1958; x_wconf 84' lang='lat' dir='ltr'><strong>con-</strong></span> 
     </span>
     <span class='ocr_line' id='line_1_28' title="bbox 188 1984 1373 2040; baseline -0.005 -13"><span class='ocrx_word' id='word_1_216' title='bbox 188 1995 335 2027; x_wconf 83' lang='lat' dir='ltr'><strong>stanter</strong></span> <span class='ocrx_word' id='word_1_217' title='bbox 366 1986 620 2040; x_wconf 70' lang='grc' dir='ltr'>ἀποδείξειαν,</span> <span class='ocrx_word' id='word_1_218' title='bbox 657 1986 901 2030; x_wconf 76' lang='grc' dir='ltr'>τελευτήσειαν</span> <span class='ocrx_word' id='word_1_219' title='bbox 938 1992 976 2024; x_wconf 84' lang='lat' dir='ltr'><strong>et</strong></span> <span class='ocrx_word' id='word_1_220' title='bbox 1012 1986 1148 2024; x_wconf 85' lang='lat' dir='ltr'><strong>similia</strong></span> <span class='ocrx_word' id='word_1_221' title='bbox 1183 1984 1373 2030; x_wconf 81' lang='lat' dir='ltr'><strong>dixerint,</strong></span> 
     </span>
     <span class='ocr_line' id='line_1_29' title="bbox 191 2049 1376 2106; baseline -0.006 -13"><span class='ocrx_word' id='word_1_222' title='bbox 191 2067 325 2106; x_wconf 80' lang='lat' dir='ltr'><strong>neque</strong></span> <span class='ocrx_word' id='word_1_223' title='bbox 351 2053 536 2105; x_wconf 84' lang='grc' dir='ltr'>ἐληϊζόμην</span> <span class='ocrx_word' id='word_1_224' title='bbox 567 2060 609 2105; x_wconf 67' lang='lat' dir='ltr'><strong>p&#39;.</strong></span> <span class='ocrx_word' id='word_1_225' title='bbox 643 2051 720 2091; x_wconf 87' lang='grc'><strong>160</strong></span> <span class='ocrx_word' id='word_1_226' title='bbox 745 2052 854 2103; x_wconf 82' lang='lat'>(391.</span> <span class='ocrx_word' id='word_1_227' title='bbox 885 2052 950 2102; x_wconf 93' lang='grc' dir='ltr'><strong>Β.)</strong></span> <span class='ocrx_word' id='word_1_228' title='bbox 985 2050 1098 2103; x_wconf 88' lang='lat' dir='ltr'><strong>quod</strong></span> <span class='ocrx_word' id='word_1_229' title='bbox 1125 2049 1376 2089; x_wconf 87' lang='lat' dir='ltr'><strong>Homericum</strong></span> 
     </span>
     <span class='ocr_line' id='line_1_30' title="bbox 193 2119 1378 2174; baseline -0.007 -14"><span class='ocrx_word' id='word_1_230' title='bbox 193 2128 248 2160; x_wconf 89' lang='lat' dir='ltr'><strong>est</strong></span> <span class='ocrx_word' id='word_1_231' title='bbox 275 2134 350 2173; x_wconf 86' lang='lat' dir='ltr'><strong>pro</strong></span> <span class='ocrx_word' id='word_1_232' title='bbox 376 2120 563 2174; x_wconf 77' lang='grc' dir='ltr'>ἐλῃζόμην.</span> <span class='ocrx_word' id='word_1_233' title='bbox 590 2121 776 2171; x_wconf 78' lang='lat' dir='ltr'><strong>frequens</strong></span> <span class='ocrx_word' id='word_1_234' title='bbox 795 2119 859 2156; x_wconf 86' lang='lat' dir='ltr'><strong>hic</strong></span> <span class='ocrx_word' id='word_1_235' title='bbox 883 2130 992 2157; x_wconf 88' lang='lat' dir='ltr'><strong>error</strong></span> <span class='ocrx_word' id='word_1_236' title='bbox 1010 2124 1083 2163; x_wconf 82' lang='lat' dir='ltr'><strong>est,</strong></span> <span class='ocrx_word' id='word_1_237' title='bbox 1114 2129 1238 2168; x_wconf 87' lang='lat' dir='ltr'><strong>quum</strong></span> <span class='ocrx_word' id='word_1_238' title='bbox 1263 2127 1378 2153; x_wconf 88' lang='lat' dir='ltr'><strong>nemo</strong></span> 
     </span>
     <span class='ocr_line' id='line_1_31' title="bbox 192 2181 1376 2238; baseline -0.007 -13"><span class='ocrx_word' id='word_1_239' title='bbox 192 2195 323 2226; x_wconf 78' lang='lat' dir='ltr'><strong>tamen</strong></span> <span class='ocrx_word' id='word_1_240' title='bbox 343 2186 470 2232; x_wconf 74' lang='grc' dir='ltr'><strong>ληῖς-ής</strong></span> <span class='ocrx_word' id='word_1_241' title='bbox 496 2191 564 2222; x_wconf 82' lang='lat' dir='ltr'><strong>aut</strong></span> <span class='ocrx_word' id='word_1_242' title='bbox 584 2184 761 2238; x_wconf 81' lang='grc' dir='ltr'>λη’ἰς-ήριον</span> <span class='ocrx_word' id='word_1_243' title='bbox 783 2185 1000 2235; x_wconf 83' lang='lat' dir='ltr'><strong>scripturus</strong></span> <span class='ocrx_word' id='word_1_244' title='bbox 1020 2187 1132 2220; x_wconf 87' lang='lat' dir='ltr'><strong>esset.</strong></span> <span class='ocrx_word' id='word_1_245' title='bbox 1169 2181 1272 2218; x_wconf 83' lang='lat' dir='ltr'><strong>Ferri</strong></span> <span class='ocrx_word' id='word_1_246' title='bbox 1296 2192 1376 2218; x_wconf 90' lang='lat' dir='ltr'><strong>non</strong></span> 
     </span>
     <span class='ocr_line' id='line_1_32' title="bbox 195 2247 1381 2304; baseline -0.002 -15"><span class='ocrx_word' id='word_1_247' title='bbox 195 2252 366 2291; x_wconf 84' lang='lat' dir='ltr'><strong>debebat</strong></span> <span class='ocrx_word' id='word_1_248' title='bbox 395 2266 435 2304; x_wconf 93' lang='lat' dir='ltr'><strong>p.</strong></span> <span class='ocrx_word' id='word_1_249' title='bbox 470 2250 545 2289; x_wconf 78' lang='lat'><strong>114</strong></span> <span class='ocrx_word' id='word_1_250' title='bbox 582 2250 690 2302; x_wconf 85' lang='lat'>(275.</span> <span class='ocrx_word' id='word_1_251' title='bbox 723 2249 787 2299; x_wconf 91' lang='lat' dir='ltr'><strong>B.)</strong></span> <span class='ocrx_word' id='word_1_252' title='bbox 816 2249 996 2287; x_wconf 69' lang='lat' dir='ltr'><strong>vitiosum</strong></span> <span class='ocrx_word' id='word_1_253' title='bbox 1027 2247 1227 2301; x_wconf 65' lang='grc' dir='ltr'>ποθέσομαι</span> <span class='ocrx_word' id='word_1_254' title='bbox 1256 2259 1381 2302; x_wconf 72' lang='lat' dir='ltr'><strong>quum</strong></span> 
     </span>
    </p>
   </div>
  </div>
 </body>
</html>
