1572 2801
800 201 827 242 5

223 331 464 374 enuclearet
504 347 637 390 neque
674 332 794 377 etiam
830 338 877 375 ut
917 333 1078 376 dicendi
1118 334 1316 377 suavitate
1348 341 1390 377 ct

231 403 431 460 elegantia
469 404 720 447 audientium
755 406 912 447 animos
944 405 1218 462 demulceret,
1262 422 1389 464 quam

230 482 282 520 -ut
308 476 445 534 palam
473 491 612 519 coram
636 477 714 519 hac
740 490 995 518 summorum
1026 478 1206 520 virorum
1235 494 1387 521 corona

227 551 409 609 aperiret
451 565 575 607 quam
613 549 720 592 viam
759 564 807 591 ac
843 550 1039 592 rationem
1071 549 1301 593 studiorum
1335 551 1387 593 ad

230 640 327 669 eum
347 626 456 668 diem
487 629 653 666 secutus
684 630 821 681 postea
856 625 898 666 in
928 624 1149 667 erudienda
1175 626 1387 668 iuventute
1448 610 1453 614 ³

231 703 337 741 esset
356 703 587 741 secuturus.
625 697 902 755 Circumspexi
933 698 1059 754 igitur
1077 697 1237 740 dicendi
1258 705 1387 741 mate·

233 772 356 825 riam,
398 771 441 813 in
476 786 559 827 qua
596 770 836 828 explicanda
866 770 967 827 quid
998 770 1096 811 mihi
1127 772 1170 812 in
1197 771 1387 814 Philolo-

230 844 332 900 gicis
379 843 523 885 studiis
576 843 839 901 probandum
895 843 998 900 quid
1043 858 1126 885 non
1181 843 1390 887 videretur

233 916 405 959 candide
432 931 676 973 exponerem
706 921 748 958 et
778 916 932 958 dicam:
962 917 1014 957 de
1044 922 1141 956 arte
1166 918 1391 971 interpre-

235 990 362 1032 tandi
387 988 703 1031 Grammatices
725 995 768 1030 et
786 988 972 1030 Critiae-2
984 989 1300 1042 fundamentis
1325 992 1391 1030 in-

233 1066 345 1105 nixa
364 1065 584 1117 primario
616 1062 831 1119 philologi
865 1063 1022 1120 officio:
1053 1061 1104 1103 de
1143 1076 1228 1117 quo
1265 1077 1389 1117 argu-

231 1141 370 1180 mento
416 1150 522 1193 quae
567 1135 807 1192 perspicue,
850 1139 897 1176 ut
931 1140 1095 1191 potero,
1138 1141 1179 1177 et
1215 1134 1392 1176 breviter

232 1209 519 1266 disputaturus
560 1222 652 1250 sum
689 1208 870 1261 attentis,
908 1222 1082 1263 quaeso,
1112 1214 1152 1249 et
1183 1206 1392 1250 benevolis

236 1280 407 1323 auribus
436 1280 662 1336 animisque
688 1280 870 1337 accipite.

292 1354 566 1394 Grammatica
598 1353 785 1406 scientia,
818 1353 886 1394 cui
913 1352 1029 1394 inniti
1061 1367 1222 1394 omnem
1253 1366 1392 1394 sanam

235 1424 608 1482 interpretationem
634 1430 792 1467 constat
818 1426 923 1467 inter
951 1439 1113 1478 omnes,
1141 1431 1326 1467 versatur
1351 1426 1393 1467 in

233 1499 465 1555 cognitione
502 1498 822 1552 vocabulorum,
854 1497 1007 1555 quibus
1037 1497 1184 1555 populi
1220 1498 1393 1540 alicuius

236 1570 377 1627 lingua
404 1576 577 1613 constat.
623 1570 776 1612 Eorum
797 1565 988 1611 naturam
1011 1576 1052 1612 et
1071 1570 1391 1627 antiquissimam

235 1644 433 1699 originem
471 1644 667 1696 rimatur,
710 1643 862 1684 formas
897 1650 938 1685 et
969 1643 1223 1699 significandi
1254 1651 1393 1701 potes-

235 1721 359 1770 tates,
391 1703 724 1772 compositionem
756 1717 1183 1772 constructionemque
1215 1731 1292 1773 pro
1321 1732 1391 1758 va-

237 1789 307 1831 riis
336 1788 592 1846 temporibus
625 1794 666 1829 et
697 1787 798 1829 locis
828 1788 979 1828 variam
1008 1787 1171 1829 assiduo
1208 1788 1393 1831 lectionis

237 1869 279 1906 et
309 1863 581 1906 meditationis
609 1877 688 1905 usu
718 1867 833 1905 notat
862 1867 904 1904 et
934 1861 1131 1918 explorat.
1185 1861 1234 1903 Et
1263 1863 1394 1918 inqui-

238 1951 328 1978 rere
365 1936 531 1993 quidem
567 1937 609 1977 in
648 1936 821 1977 alicuius
863 1936 1026 1991 linguae
1063 1936 1235 1991 primam
1272 1937 1396 1992 origi-

236 2024 332 2052 nem
372 2010 738 2066 cognationemque
780 2025 875 2052 cum
923 2010 1130 2066 primaevo
1178 2008 1394 2052 hominum

240 2097 425 2125 sermone
454 2082 645 2138 indagare
671 2088 719 2124 ut
748 2097 821 2139 per
843 2084 974 2124 varios
997 2083 1148 2139 gradus
1178 2082 1279 2124 aliae
1314 2084 1394 2125 sint

238 2161 486 2215 propagatae
500 2171 549 2198 ex
565 2156 654 2198 aliis
666 2161 789 2212 atque
803 2156 859 2198 sic
875 2155 926 2197 ad
937 2170 1196 2198 communem
1210 2157 1395 2198 omnium

238 2231 407 2287 stirpem
421 2229 637 2286 cogitando
649 2225 915 2283 adscendere,
934 2235 1022 2270 tum
1034 2229 1292 2285 singulorum
1310 2243 1395 2271 ver-

239 2303 386 2347 borum
413 2304 587 2360 origines
613 2304 785 2347 scrutari
808 2303 1136 2360 primitivamque
1154 2308 1193 2345 et
1219 2302 1395 2344 nativam
