1572 2801
785 202 842 246 28

213 339 368 390 sterant,
389 336 565 378 subinde
586 341 798 393 crepantes
823 337 883 378 nil
913 337 1045 383 verius
1065 350 1200 393 neque
1224 336 1383 393 elegan-

213 411 296 452 tius
323 409 489 465 reperiri
517 423 648 466 posse.
691 409 849 451 Horum
885 408 1109 451 desultoria
1140 409 1300 464 levitas,
1332 414 1380 451 ut

214 484 302 525 fieri
339 482 462 533 solet,
494 481 629 522 effecit
658 488 704 521 ut
731 481 797 521 alii
827 481 868 521 in
895 481 1097 521 contraria
1126 483 1260 523 omnia
1283 496 1380 523 cur-

216 562 366 610 rerent,
383 555 454 612 qui
471 554 583 596 illam
607 554 876 611 petulantiam
900 553 1116 610 indignati,
1136 558 1275 596 actum
1294 568 1381 597 esse

215 631 268 673 de
295 628 502 672 veteribus
526 628 641 669 libris
666 629 899 680 clamitant,
931 628 973 669 ni
1001 633 1136 669 tantae
1164 628 1381 669 temeritati

216 704 378 747 obviam
412 706 549 743 eatur:
579 700 684 742 nihil⁴
714 701 880 743 omnino
907 700 1159 757 tangendum
1190 700 1255 742 vel
1285 714 1383 742 mo-

218 776 397 819 vendum
431 780 573 816 contra
606 774 938 815 membranarum
974 773 1096 815 fidem
1129 779 1170 815 et
1200 774 1385 815 auctori-

219 854 345 891 tatem
373 847 580 903 imperiosi
610 846 877 888 contendunt.
915 846 1061 889 Omnia
1093 846 1169 888 sibi
1195 847 1290 888 satis
1314 847 1386 888 in·-

219 921 405 977 telligere
441 927 482 962 et
516 920 732 962 defendere
778 935 897 977 posse
940 920 1147 962 videntur:
1191 920 1300 961 nihil·
1324 925 1385 962 est

220 994 321 1037 adeo
353 992 580 1034 absurdum
617 993 718 1047 quin
756 999 999 1049 expromant
1031 993 1221 1036 alicunde
1256 1008 1387 1036 unum

218 1074 260 1111 et
289 1066 464 1107 alterum
492 1063 631 1103 locum
648 1063 845 1116 similem,
878 1064 988 1106 unde
1019 1065 1227 1120 vulgatam
1256 1067 1386 1121 scrip-

220 1148 357 1185 turam
374 1139 507 1193 ferri
520 1151 646 1192 posse
672 1142 713 1178 et
742 1137 1027 1191 tolerabilem,
1057 1142 1103 1179 ut
1126 1139 1260 1193 aiunt,
1292 1152 1385 1180 sen-

219 1214 389 1256 tentiam
445 1210 653 1251 continere
711 1209 992 1251 demonstrant
1036 1202 1202 1252 scilicet.
1277 1211 1387 1252 Inter

221 1293 421 1342 utrosque
443 1281 576 1324 media
599 1282 661 1323 via
685 1282 956 1325 incedendum
980 1297 1066 1326 esse
1087 1283 1157 1337 iis,
1187 1282 1259 1339 qui
1284 1287 1387 1325 vete-

222 1373 317 1400 rum
342 1361 708 1398 monumentorum
736 1356 833 1397 boni
859 1357 1099 1413 interpretes
1125 1370 1212 1398 esse
1240 1356 1385 1410 velint,

223 1435 415 1489 apertum
433 1433 507 1470 est.
533 1427 688 1469 Pariter
709 1432 867 1481 errant,
895 1429 967 1485 qui
983 1429 1223 1486 incorrupta
1239 1433 1392 1471 temere·

225 1507 386 1545 tentant
405 1506 446 1542 et
474 1500 547 1555 qui
575 1500 781 1555 explicant
803 1500 1036 1556 depravata.
1080 1501 1224 1542 Sanior
1245 1502 1387 1542 Gram-

228 1575 375 1618 matica
420 1585 560 1614 omnes
592 1578 737 1629 sponte
769 1571 885 1613 ducit
919 1571 970 1614 ad
1002 1572 1212 1627 Criticam,
1253 1588 1388 1630 neque

226 1654 373 1691 natura
400 1647 593 1701 cuiquam
622 1645 736 1686 illam
764 1645 1002 1688 facultatem
1029 1648 1190 1702 negavit
1221 1648 1297 1688 nisi
1319 1648 1388 1689 cui

227 1721 389 1777 negavit
401 1720 567 1761 omnino
583 1718 800 1760 iudicium:
816 1718 867 1760 ad
882 1718 988 1760 hanc
1010 1724 1168 1761 mature
1184 1720 1239 1761 ita
1261 1720 1387 1762 infor·

226 1792 365 1834 mandi
388 1796 486 1832 sunt
501 1792 686 1844 iuvenes,
720 1796 766 1831 ut
789 1792 831 1831 in
852 1791 1131 1847 cognoscenda
1149 1793 1389 1847 antiquitate

226 1880 311 1908 non
329 1879 424 1907 cum
454 1863 570 1905 libris
601 1863 677 1904 sibi
705 1863 908 1919 agendum
934 1863 1004 1905 sed
1030 1879 1125 1906 cum
1152 1863 1388 1906 hominibus

229 1937 479 1992 intelligant:
511 1936 632 1977 multi
656 1936 763 1976 enim
786 1936 935 1992 scripta
963 1936 1155 1978 Veterum
1176 1941 1388 1992 tamquam

229 2010 396 2054 oracula
430 2009 630 2066 quaedam
659 2008 723 2051 vel
755 2007 955 2065 Sibyllina
990 2008 1087 2051 folia
1113 2009 1390 2067 contemplan-

230 2090 320 2138 tur,
354 2083 425 2125 ubi
454 2082 640 2124 abstrusa
662 2083 743 2124 sint
769 2083 904 2124 omnia
935 2087 976 2124 et
1005 2083 1218 2139 peregrina
1242 2098 1318 2125 nec
1340 2083 1392 2125 ad

229 2171 387 2200 morem
417 2155 670 2212 modumque
698 2160 884 2198 nostrum
914 2156 1128 2198 metienda.
1181 2156 1268 2197 Imo
1295 2170 1390 2198 vero

228 2231 416 2273 homines
453 2243 614 2285 semper
661 2234 701 2270 et
737 2227 891 2284 ubique
930 2235 1027 2270 sunt
1067 2229 1268 2270 homines:
1309 2243 1393 2271 non

232 2304 337 2348 coeli
358 2303 593 2361 temperies,
619 2317 702 2345 non
726 2302 825 2359 reip.
854 2302 1006 2356 forma,
1030 2301 1159 2360 leges,
1185 2303 1390 2357 instituta,
