1572 2801
708 341 795 385 149

179 473 338 529 μηδεμία
369 478 439 514 τῶν
467 474 596 514 πόλεων
627 473 731 524 αὐτὸν
759 474 950 532 φοβήσεται
983 476 1077 514 salis
1096 482 1262 528 apparet
1289 476 1359 514 de·-

178 541 338 580 lendum
367 554 446 579 esse
480 542 810 589 additamentum,
853 556 935 595 quo
964 542 1153 599 ἐφιλοσόφει
1183 544 1357 595 explica-

177 607 313 653 batur,
344 608 455 659 quod
486 611 655 661 positum
691 616 745 647 est
780 610 918 648 eodem
946 610 1091 655 modo,
1131 623 1213 660 quo
1250 611 1359 661 apud

177 673 434 712 Menandrum
459 675 663 713 laudatum
687 675 737 713 ab
764 676 997 727 Harpocrat.
1028 690 1066 714 v.
1091 676 1303 732 φιλοσοφεῖνε

608 740 785 796 φιλοσοφεῖ
807 739 848 780 δὲ
876 740 995 792 τοῦθ’,
1023 743 1116 786 ὅπως

365 805 645 864 καταπράξεταί
671 808 755 858 (σοι)
786 807 843 846 τὸν
870 810 1002 861 γάμον.

175 871 295 909 Aliud
327 885 448 924 genus
483 875 792 926 interpolationis
832 874 924 911 hinc
961 880 1090 912 ortum
1123 881 1205 919 est,
1244 875 1356 925 quod

174 938 285 977 scioli
308 939 466 991 singulis
484 939 686 979 vocabulis
708 940 908 978 intellectu
931 939 1218 978 difficilioribus
1239 940 1359 992 expli-

175 1005 294 1043 candi
320 1006 445 1057 gratia
471 1006 670 1044 addebant
698 1007 873 1044 faciliora
902 1020 948 1044 ex
976 1008 1174 1045 communi
1207 1020 1358 1058 aequa·-

174 1072 271 1110 lium
299 1084 474 1111 sermone
496 1075 641 1126 petita:
673 1086 778 1126 quae
804 1075 973 1126 primum
997 1074 1259 1125 superscripta
1289 1078 1357 1110 aut

174 1137 217 1175 in
257 1138 430 1190 margine
458 1138 656 1190 adscripta
698 1139 838 1177 deinde
871 1140 1057 1190 antiquae
1089 1146 1126 1176 et
1156 1152 1270 1177 verae
1303 1140 1359 1177 le-

178 1203 317 1241 ctionis
340 1204 470 1241 locum
493 1210 742 1256 occuparunt
771 1210 838 1242 aut
867 1205 1001 1242 addita
1025 1206 1104 1242 fere
1128 1205 1273 1254 copula
1301 1205 1368 1242 καί

177 1283 269 1308 cum
292 1284 342 1313 ea
372 1272 503 1321 inepte
529 1272 843 1322 coniunguntur,
876 1277 918 1308 ut
947 1272 986 1308 in
1014 1270 1072 1308 his
1094 1270 1219 1308 verbis
1242 1271 1362 1308 Euse-

177 1335 231 1374 hii
256 1336 365 1388 apud
390 1335 602 1373 Stobaeum
630 1337 761 1374 Floril.
778 1337 808 1374 Ι.
832 1335 885 1374 85
907 1337 1017 1387 (tom.
1039 1336 1069 1373 l.
1096 1350 1136 1387 p.
1153 1335 1206 1373 50
1219 1335 1357 1386 Gaisf.)

173 1400 284 1457 ἐρῴην
327 1399 404 1452 [καὶ
431 1399 668 1456 ἐπιθυμέοιμι]
703 1401 763 1442 καὶ
789 1405 999 1456 τυγχάνοιμι
1033 1401 1168 1455 μούνων
1194 1406 1264 1442 τῶν
1292 1418 1359 1441 κα-

179 1469 266 1508 λῶν.
308 1469 374 1506 Est
397 1475 526 1506 autem
549 1468 633 1526 ἐρεῖν
650 1472 690 1522 in
717 1470 891 1507 Dialecto
914 1470 1049 1506 Ionica
1074 1481 1232 1520 prorsus
1258 1470 1363 1507 idem

177 1542 298 1587 atque
313 1534 498 1588 ἐπιθυμεῖν
520 1537 560 1574 in
580 1537 776 1575 communi
797 1536 1057 1574 recentiorum
1081 1548 1272 1581 sermone,
1293 1550 1363 1574 un-

178 1602 229 1640 de
256 1602 439 1640 sentimus
472 1601 682 1656 ἐπιθυμοῖμι
710 1603 804 1640 olim
839 1602 1079 1653 adscriptum
1106 1614 1186 1639 esse
1214 1602 1265 1639 ad
1301 1615 1363 1640 os-

176 1667 414 1706 tendendam
434 1668 618 1706 vocabuli
640 1666 979 1719 significationem:
1006 1672 1207 1718 praeterea
1223 1668 1365 1719 aliquis

178 1733 402 1787 ἐπιὲυμέοιμι
424 1734 531 1772 dedit
561 1740 602 1772 ut
628 1734 751 1772 Ionici
780 1733 922 1771 coloris
949 1738 1064 1778 esset,
1098 1733 1147 1770 de
1170 1747 1252 1784 qua
1279 1735 1363 1786 ipsa

177 1805 303 1843 forma
329 1800 507 1840 nondum
537 1799 632 1837 mihi
655 1799 746 1836 satis
773 1803 923 1836 constat
951 1804 988 1835 et
1016 1799 1193 1850 suspicor
1218 1813 1359 1851 quem-

177 1867 391 1906 admodum
415 1865 535 1904 Attici
562 1877 642 1902 non
664 1864 738 1901 alia
761 1863 887 1901 forma
915 1877 1036 1915 quam
1060 1877 1164 1915 quae
1183 1871 1293 1902 exeat
1318 1866 1359 1904 in

176 1935 309 1977 -οίην
335 1940 373 1972 et
397 1934 529 1986 -ῴην
553 1931 611 1969 uti
638 1930 834 1976 solebant,
860 1931 915 1968 sic
937 1943 986 1968 ne
1012 1931 1172 1969 Ionibus
1197 1932 1358 1982 quidem

175 2002 312 2054 -οἴμι
337 1999 399 2038 vel
423 2000 570 2051 -έοιμι
592 1998 632 2034 in
659 2009 730 2034 usu
756 1996 891 2042 fuisse,
918 2002 961 2034 ut
986 2010 1204 2048 numquam
1229 1999 1360 2036 formis

177 2068 220 2107 in
259 2069 416 2119 -οίοιμι
442 2065 503 2104 vel
528 2067 659 2117 -ῷμι
690 2068 779 2100 sunt
806 2062 876 2099 usi.
914 2061 1113 2100 Proferam
1137 2076 1243 2101 nunc
1266 2077 1362 2102 non·

176 2133 305 2171 nullos
338 2133 466 2176 locos,
502 2130 569 2168 ubi
597 2142 687 2167 vera
715 2128 831 2165 lectio
858 2128 960 2164 felici
995 2140 1088 2165 casu
1117 2130 1275 2167 aliunde
1302 2143 1359 2167 re·

176 2199 310 2237 stituta
338 2203 405 2236 est.
446 2193 700 2233 Scribebatur
725 2193 765 2229 in
792 2192 947 2229 Homeri
973 2192 1084 2229 Iliad.
1114 2194 1159 2232 Φ.
1187 2195 1278 2231 455.

214 2270 321 2310 ςεῦτο
346 2264 383 2305 δ’
412 2264 463 2317 ὅγ’
491 2264 698 2318 ἀμφοτέρων
734 2261 995 2314 ἀποκόψειν
1031 2262 1143 2299 οὔατα
1171 2260 1314 2313 χαλκῷ.

177 2330 306 2371 donec
334 2344 424 2371 vera
456 2329 572 2368 lectio
610 2326 835 2380 ἀπολεψέμεν
876 2326 1021 2378 prodiit
1058 2338 1103 2363 ex
1147 2325 1357 2364 Aristonici

173 2403 269 2435 nota
295 2403 479 2450 excerpta
514 2408 560 2434 ex
596 2393 888 2433 Commentariis
921 2392 1153 2431 Aristarchi:
1195 2394 1218 2436 ἡ
1245 2392 1355 2438 διπλῆ

177 2465 230 2503 ὅτι
252 2486 304 2493 -
325 2467 602 2520 καταχρηςικῶς
639 2459 939 2512 ἀπολεψέμεν
975 2457 1052 2499 ἀντὶ
1087 2461 1146 2498 τοῦ
1183 2460 1353 2500 ἀποκό·
