1572 2801
748 193 835 237 118

211 333 410 381 σκοπῶμεν.
444 327 584 365 Graeci
610 338 764 377 semper
790 326 871 382 φέρε
891 325 940 368 δή
966 326 1121 373 dicunt,
1152 328 1220 367 sed
1244 331 1394 382 expulit

208 395 399 434 Iacobitz.
421 395 611 445 optimam
630 393 852 430 lectionem.
869 416 922 421 —
934 399 1028 446 κοινῇ
1048 399 1086 431 et
1104 393 1187 433 κατ’
1206 394 1300 435 ἰδίαν
1318 409 1399 434 non

208 462 332 499 solent
360 459 546 511 componi
573 459 641 496 sed
669 457 761 508 ἰδίᾳ.
794 457 814 510 §
843 458 907 498 27.
936 460 1060 511 ὁμοίως
1084 459 1128 499 δὲ
1157 459 1218 500 καὶ
1245 464 1310 504 τὴν
1335 476 1390 518 φι-

210 528 375 584 λοσοφίαν
392 526 490 568 κατὰ
510 524 559 565 τὰ
582 525 678 564 αὐτὰ
700 523 761 564 καὶ
782 524 950 571 ὡσαύτως
970 528 1147 579 ἔχουσαν,
1168 527 1291 581 ἑτέρως
1312 528 1388 567 κτὲ.

208 595 430 634 Marcianus
456 593 495 634 οὐ
524 593 622 633 κατὰ
649 592 696 632 τὰ
723 592 836 633 αὐτοί.
866 599 993 632 recte:
1021 600 1105 632 tum
1128 594 1214 645 lege
1237 596 1395 646 ἔχουσαν

209 662 393 716 (ὁρῶμεν).
427 662 450 712 §
474 662 541 700 27.
570 661 653 713 μίαν
676 660 738 713 μὲν
760 661 833 715 γὰρ
859 662 923 704 τὴν
941 660 1144 716 φιλοσοφίαν
1166 662 1252 701 εἶναι
1269 661 1392 714 λέγου-

210 743 290 780 σιν,
318 727 417 767 αὐτοὶ
445 726 487 767 δὲ
518 727 667 772 αὐτὰς
696 730 830 767 ποιοῦσι
855 727 1008 773 πολλοῖς.
1040 728 1130 780 quis
1151 739 1232 770 non
1254 728 1395 767 sentiat

205 795 319 839 αὐτήν
344 792 614 837 scribendum,
646 792 758 843 quod
781 805 843 831 me
866 793 1016 832 amicus
1036 792 1206 838 monuit,
1236 792 1309 844 qui
1332 804 1394 831 ea·
1448 835 1459 846 ·

203 862 294 900 dem
328 871 451 911 opera
490 857 700 895 ridiculam
735 859 1003 910 corruptelam
1042 859 1183 899 exemit
1218 871 1265 897 ex
1299 872 1389 911 sqq.

206 928 230 978 §
267 925 334 965 28.
376 922 505 965 πολλαὶ
540 923 603 976 μὲν
639 924 713 978 γὰρ
752 924 791 963 οὐ
826 923 996 964 δύνανται
1031 926 1114 965 εἶναι
1159 924 1388 980 (φιλοσοφίαι)

205 991 394 1045 ἐπειδήπερ
422 991 444 1032 ἡ
472 989 657 1045 φιλοσοφία
683 991 762 1042 μία.
805 997 920 1029 acute
947 992 1145 1043 perspexit
1171 992 1392 1031 Lueianum

203 1058 420 1111 scripsisse:
463 1055 652 1112 ἐπειδήπερ
680 1056 739 1096 καὶ
771 1058 793 1099 ἡ
823 1056 927 1113 σοφία
955 1058 1034 1111 μία.
1076 1058 1099 1110 §
1129 1057 1194 1097 28.
1233 1058 1292 1097 καὶ
1319 1060 1390 1111 μὴν

205 1124 266 1162 καὶ
294 1124 362 1168 τὰς
393 1122 455 1175 μὲν
481 1122 598 1166 ἄλλας
629 1123 758 1174 τέχνας
788 1123 818 1162 εἰ
842 1124 908 1163 καί
927 1137 963 1163 Δτι
992 1124 1089 1167 κατὰ
1116 1127 1249 1172 ταύτας
1273 1127 1390 1180 ἀσύμ·

208 1205 320 1247 φωνον
342 1190 393 1232 εἴη
412 1187 472 1228 καὶ
493 1187 671 1245 παρέλθοι
691 1202 744 1233 τις
769 1191 981 1243 συγγνώμης
1012 1188 1171 1238 ἀξιώσας
1193 1192 1265 1233 ἐπεὶ
1290 1194 1396 1247 μέσαι

208 1272 248 1297 τε
276 1257 422 1297 δοκοῦσι
450 1254 511 1295 καὶ
535 1256 572 1296 αἱ
596 1256 814 1310 καταλήψεις
842 1257 960 1298 αὐτῶν
985 1257 1048 1297 οὐκ
1072 1257 1153 1298 εἰσὶν
1174 1260 1391 1311 ἀμετάπτω-

208 1340 285 1376 τοι,
322 1322 560 1379 προσδεκτέος
598 1322 643 1361 ἂν
678 1323 733 1365 εἴη
741 1354 761 1375 ,
798 1323 996 1378 φιλοσοφίαν
1034 1323 1076 1365 δὲ
1111 1325 1162 1371 τίς
1195 1326 1397 1378 ἀναγκαίαν

206 1394 404 1445 ἀνάσχοιτο
433 1392 484 1444 μὴ
514 1390 597 1442 μίαν
625 1391 723 1430 εἶναι.
779 1390 1026 1429 Documento
1065 1390 1131 1428 hic
1167 1392 1280 1430 locus
1315 1406 1397 1431 esse

203 1464 333 1510 potest
361 1464 399 1496 et
435 1457 663 1495 temeritatis
699 1455 984 1496 Graeculorum
1018 1456 1059 1493 in
1090 1457 1324 1508 corrigendo
1355 1464 1393 1496 et

204 1523 376 1575 stuporis
400 1523 442 1560 in
469 1522 744 1560 describendo.
786 1522 908 1574 Lege:
945 1522 1011 1560 κᾶν
1035 1522 1214 1575 παρέλθοι
1245 1537 1296 1568 τις
1325 1536 1392 1561 ex-

203 1594 359 1640 puncto
387 1588 490 1625 futili
517 1587 810 1628 additamento:
837 1587 1075 1645 προσδεκτέος
1103 1589 1148 1637 ἂν
1176 1589 1226 1634 εἴη
1236 1621 1254 1642 ,
1280 1591 1393 1648 quod

204 1655 246 1694 in
271 1654 412 1693 codice
434 1654 540 1693 unde
562 1655 749 1706 princeps
773 1654 894 1693 editio
924 1655 1040 1693 fluxit
1066 1656 1213 1706 optime
1242 1657 1393 1695 aberat.

204 1720 380 1771 Reliqua
423 1733 446 1758 a
485 1720 692 1760 Dindorfio
733 1721 941 1762 infeliciter
982 1726 1130 1759 tentata
1170 1710 1392 1773 persanavit

207 1787 447 1834 Marcianus,
476 1788 517 1825 in
540 1800 624 1838 quo
647 1789 796 1839 reperi:
826 1788 878 1833 τίς
901 1787 946 1827 ἂν
963 1785 1023 1827 καὶ
1040 1787 1259 1840 ἀνάσχοιτο,
1282 1790 1394 1839 quod

208 1853 385 1891 Atticum
412 1859 467 1890 est
497 1858 534 1890 et
561 1852 739 1892 Luciano
766 1853 969 1905 frequens,
1000 1859 1044 1892 ut
1071 1854 1111 1892 in
1136 1854 1159 1905 §
1185 1856 1249 1894 51.
1280 1856 1330 1899 τίς
1352 1855 1398 1895 ἂν

212 1921 272 1961 καὶ
296 1922 531 1975 ἁμιλλήσαιτο
560 1928 598 1961 et
627 1921 734 1960 alibi.
767 1923 789 1974 §
819 1923 884 1960 31.
914 1922 975 1962 καὶ
1002 1922 1046 1962 σὺ
1071 1924 1277 1976 γιγνώσκων
1307 1922 1394 1963 ὑπο-

209 1991 308 2045 κρίνῃ
341 1991 478 2043 ἀγνοεῖν
515 1990 613 2040 κοῖμέ
623 2020 639 2040 ,
679 1989 759 2027 imo
797 2000 913 2027 vero:
957 1987 1000 2027 σὺ
1036 1983 1073 2027 εὖ
1107 1990 1308 2042 γιγνώσκων
1341 2010 1396 2017 -

209 2060 350 2112 α’γνοεῖν
378 2057 463 2114 πρὸς
492 2056 567 2109 ἐμέ.
609 2054 786 2094 Luciano
813 2054 1020 2107 indignum
1045 2061 1100 2093 est
1126 2054 1294 2110 ὑποκρίνῃ
1323 2068 1397 2108 pro

207 2130 397 2181 προσποιῇ.
422 2146 475 2154 —
497 2125 603 2179 εὕροις
633 2122 740 2161 εἰπεῖν
770 2132 845 2173 pro
871 2123 965 2174 ἔχοις
993 2133 1140 2160 novum
1167 2127 1206 2159 et
1234 2121 1392 2159 inaudi-

205 2198 302 2230 tum.
329 2214 381 2220 —
403 2188 485 2243 οὐχὶ
511 2188 590 2233 τοὺς
620 2187 769 2243 φαύλους
795 2186 881 2227 ἀλλ’
910 2186 959 2229 ὦν
982 2186 1054 2241 ἐγὼ
1081 2186 1178 2226 δοκῶ
1203 2186 1282 2233 τοὺς
1309 2188 1393 2241 α’ρί-

209 2273 293 2303 ςους
320 2258 379 2296 καὶ
406 2256 462 2303 σ’ὺς
491 2261 601 2301 ἥκιςα
628 2256 700 2295 οἴει.
745 2255 965 2294 Marcianus
988 2260 1097 2293 recte
1121 2254 1168 2300 ὡς
1192 2254 1264 2308 ἐγὼ
1292 2253 1392 2295 δοκῶ

204 2332 240 2364 ct
264 2324 306 2365 σὺ
323 2326 397 2365 οἴει.
429 2330 631 2377 praeterea
659 2335 739 2363 non
762 2322 891 2374 potuit
918 2322 1115 2362 Lucianus
1136 2323 1248 2362 aliter
1269 2335 1393 2374 quam
