1572 2801
766 204 825 247 80

196 337 450 372 correctione
458 340 603 387 potest
622 338 821 387 restitui).
852 338 940 375 Non
953 338 1123 376 arbitror
1140 338 1381 376 manifestius

191 399 233 437 id
262 412 455 452 apparere
489 414 603 453 posse
634 415 756 455 quam
791 416 838 441 ex
865 403 943 442 hoc
977 404 1067 442 loco
1098 403 1300 442 Plutarchi
1331 403 1382 441 de

193 465 399 504 audiendis
425 469 551 518 poe‘tis
577 483 617 519 p.
644 468 710 508 20.
740 469 786 506 Ι).
816 470 853 507 αἱ
880 468 925 508 δὲ
951 474 1022 508 τῶν
1051 473 1206 510 ποιητῶν
1232 468 1381 508 ὑπεναν-

196 532 328 576 τιώσεις
355 531 441 586 πρὸς
476 531 602 577 αὑτοὺς
632 534 935 591 ἀνταναφέρουσαι
969 535 1031 576 τὴν
1060 534 1157 578 πίςιν
1185 532 1248 572 οὐκ.
1280 532 1381 572 ἐῶσιν

196 596 348 651 ἰσχυρὰν
386 597 496 653 ῥοπὴν
527 599 696 652 γενέσθαι
730 600 816 655 πρὸς
854 601 894 639 τὸ
929 601 1106 653 βλάπτον.
1161 597 1283 638 ''O-nou
1318 597 1382 650 μὲν

195 660 253 703 οὖν
283 664 402 709 αὐτοῖς
430 663 469 702 τὸ
499 665 637 703 τιθέναι
668 666 840 719 σύνεγγυς
871 665 1027 722 ἐκφανεῖς
1063 667 1157 705 ποιεῖ
1186 666 1252 710 τὰς
1282 665 1380 704 ἀντι-

196 731 318 785 λογίας
344 730 403 771 δεῖ
425 734 477 782 τῷ
502 729 655 778 βελτίονι
684 734 907 788 συνηγορεῖν·
940 737 1058 788 ὥσπερ
1086 732 1122 771 ἔν
1152 732 1304 777 τούτοις·
1328 748 1381 759 -·

382 819 437 825 —-
458 797 498 835 τί
517 795 616 839 δῆτα
643 796 705 837 δεῖ
727 813 768 837 σε
795 800 938 852 κάμνειν
948 816 965 850 ‚-
992 798 1177 838 κατθανεῖν

381 865 531 916 ἄμεινον.
564 862 675 909 οὐδεὶς
703 868 867 917 κάματος
894 864 1049 917 εὐσεβεῖν
1075 865 1184 909 θεούς.

194 929 236 966 id
263 935 339 973 est,
370 930 398 966 si
430 928 707 979 interpretibus
734 930 996 966 credendum:

218 993 265 1031 A.
300 992 414 1043 Quid
439 992 568 1047 crgo!¹
598 992 821 1046 numquam
850 999 889 1033 le
918 995 1023 1033 mori
1050 992 1218 1045 expedit
1245 990 1384 1031 Diis?

218 1059 266 1097 Β.
301 1059 523 1106 Praestat,
553 1074 628 1098 nec
655 1061 767 1099 ullus
792 1066 853 1099 est
881 1061 998 1099 labor
1025 1059 1156 1098 colere
1183 1059 1307 1097 Deos.

190 1137 297 1177 quae
319 1137 443 1176 quam
470 1126 595 1164 aliena
624 1126 698 1164 sint
722 1126 842 1178 vides.
887 1126 988 1165 Vera
1014 1126 1208 1176 scriptura
1222 1131 1269 1162 ·et
1294 1125 1380 1176 ipsa

192 1205 331 1230 manus
363 1192 727 1243 Euripidis‚·cuius
757 1205 803 1230 ex
832 1192 1042 1229 Palamede
1078 1192 1189 1229 locus
1215 1198 1291 1237 est,
1322 1193 1374 1229 ita

188 1257 283 1294 latet
310 1258 352 1294 in
379 1258 655 1308 antiquissimis
684 1256 909 1302 codicibus,
941 1263 985 1294 ut
1016 1257 1218 1294 manifesta
1248 1268 1379 1293 corre-

191 1322 322 1360 ctione
357 1323 440 1359 erui
478 1325 611 1374 possit.
669 1324 829 1362 Scilicet
860 1323 1033 1374 optimus
1061 1328 1099 1360 et
1135 1328 1379 1373 pervetustus

188 1387 308 1433 liber,
340 1391 412 1438 qui
439 1388 611 1428 Venetiis
636 1389 738 1427 inter
763 1388 924 1426 codices
950 1387 1221 1426 Bessarioneos
1248 1398 1377 1426 serva·

187 1460 273 1500 tur,
305 1453 409 1492 hanc
438 1453 536 1491 mihi
560 1453 673 1491 'dedit
702 1453 932 1491 lectionem:

402 1520 441 1557 τί
462 1518 560 1560 δῆτα
587 1513 679 1557 οὖσιν
705 1517 768 1556 δεῖ
791 1531 831 1555 σε
859 1517 1149 1570 κατθανούμενον.

190 1585 258 1625 ubi
286 1598 361 1638 pro
389 1584 552 1625 OYCIN
580 1584 666 1636 lege
693 1583 885 1635 ΘΥΕΙΝ,
923 1583 1035 1635 quod
1066 1588 1218 1635 puncto
1254 1589 1292 1622 et
1329 1584 1376 1623 li-

187 1653 302 1691 neola
330 1652 552 1703 discrepat,
586 1655 625 1686 et
661 1649 916 1699 Euripideum
953 1648 1116 1686 habebis
1155 1650 1373 1696 senarium,

189 1716 319 1769 qualis
346 1716 396 1755 ab
422 1717 490 1754 illo
519 1718 689 1769 scriptus
714 1723 752 1755 et
775 1729 796 1754 a
825 1716 1037 1754 Plutarcho
1064 1717 1247 1756 laudatus
1272 1724 1347 1756 est:

402 1782 441 1821 τί
463 1780 559 1824 δῆτα
588 1782 675 1821 θύειν
702 1780 765 1821 δεῖ
785 1797 825 1822 σε
852 1783 1124 1835 κατθανούμενον
1131 1800 1149 1834 ,-

188 1846 400 1899 respondet
427 1847 675 1885 Palamedes:

368 1916 520 1966 ἅμεινον.
552 1913 665 1959 οὐδεὶς
694 1918 857 1967 κάματος
882 1911 919 1954 εὖ
946 1915 1060 1966 σέβειν
1085 1916 1192 1960 θεούς.

189 1979 230 2016 in
256 1978 317 2016 his
344 1979 523 2020 demum:
565 1979 604 2019 τὸ
637 1981 774 2019 τιθέναι
806 1981 976 2035 σύνεγγυς
1008 1980 1165 2037 ἐκφανεῖς
1196 1981 1289 2020 ποιεῖ
1311 1982 1376 2027 τὰς

186 2044 388 2098 ἀντιλογίας
398 2077 413 2097 ,
456 2051 494 2083 et
534 2052 662 2097 potest
703 2047 843 2098 aliquis
885 2052 936 2102 τῷ
972 2047 1120 2100 βελτίονι
1156 2050 1373 2102 συνηγορεῖν.

187 2111 419 2163 Spectemus
451 2124 559 2150 nunc
587 2112 639 2150 ad
669 2112 772 2151 hanc
799 2113 928 2152 lucem
955 2114 1203 2153 librariorum
1232 2120 1270 2152 et
1298 2113 1375 2152 cri-

185 2178 435 2216 ticastrorum
462 2178 684 2215 socordiam
712 2185 749 2216 et
778 2181 1046 2217 temeritatem.
1084 2179 1315 2219 Videbimus
1334 2180 1375 2217 in

184 2242 420 2282 lectionibus
436 2243 680 2294 reliquorum
704 2243 889 2282 codicum
909 2243 1140 2282 emendatae
1157 2244 1375 2296 scripturae
1390 2235 1393 2239 ”

184 2311 346 2362 vestigia
383 2310 508 2362 magis
539 2310 743 2362 magisque
783 2309 1005 2356 obliterari,
1049 2310 1177 2350 donec
1215 2309 1374 2348 tandem
