1572 2801
723 199 780 240 55

165 333 314 385 νώμενος
338 331 415 375 τὰς
444 329 483 369 ἐν
511 331 599 375 τοῖς
626 329 936 386 ἀντιγράφοις
964 329 1340 384 ἐμμεμενηκυίας

164 400 498 453 ἡμαρτημένας
544 398 728 453 γραφάς
765 397 864 445 ἔξες·ί
892 413 946 436 σοι
984 400 1126 438 σκοπεῖν
1174 397 1234 436 καὶ
1271 401 1340 436 τῶν

164 465 363 519 Ὁμηρικῶν
391 462 494 503 ταδί·

242 532 312 577 &ej-:⁸
340 531 413 571 ἐπεὶ
438 531 477 570 ἐκ
504 530 642 570 πολέων
670 530 821 584 πίσυρας
848 531 1090 582 συναγείρεται
1115 533 1240 573 ἵππους

243 598 412 655 λαοφόρον
441 596 517 636 καθ’
545 594 641 635 ὁδόν.

165 664 325 704 ἐνταῦθα
367 666 441 719 γὰρ
481 664 567 717 πρὸς
606 661 708 701 οὐδὲν
754 663 947 714 ἀναγκαῖον
987 660 1122 717 ἐγράφη
1174 661 1236 700 διὰ
1284 665 1345 700 τοῦ

164 724 203 783 γ.
232 730 370 786 νωθρὸν
389 726 445 769 οὖν
467 728 505 768 τὸ
526 729 772 781 σημαινόμενον
796 726 854 766 καὶ
877 726 1014 783 σφόδρα
1032 727 1211 781 ὑπόκωφον
1232 740 1344 782 προσ-

169 796 307 835 πίπτειν
332 798 433 833 ἔοικε.
461 794 500 833 τὸ
521 793 562 832 δὲ
584 793 690 848 χωρὶς
717 797 778 831 τοῦ
807 796 831 845 γ
859 791 1003 847 γράφειν
1028 793 1219 849 Ὁμηρικὸν
1244 796 1345 849 παρὰ

167 862 273 911 (fort.
304 862 415 912 πάνυ)
452 866 495 914 τῇ
521 865 644 916 χρήσει
670 859 729 898 καὶ
760 864 811 913 τῷ
836 860 930 913 λόγῳ
956 860 1061 898 παντὶ
1087 860 1242 912 συνᾷδον
1270 859 1346 899 ἐπι-

167 931 281 972 εικῶς.
316 927 354 966 τὸ
377 928 449 983 γὰρ
484 928 787 981 συναείρεται
815 926 952 979 μᾶλλον
979 933 1164 981 προσεχῶς
1191 928 1346 981 σημαίνει

168 993 206 1032 τὸ
234 995 397 1047 συνάγειν
422 992 482 1031 καὶ
514 994 739 1047 συναρμόζειν
767 990 826 1029 καὶ
853 990 888 1029 ἐν
913 992 1044 1037 ἄλλοις·

541 1058 604 1097 σὺν
629 1057 665 1097 δ’
694 1063 806 1113 ἤειρεν
835 1058 955 1110 ἱμᾶσιν

166 1128 342 1178 συνήγαγε
371 1124 450 1169 τοὺς
478 1129 619 1169 ἵππους.
648 1125 666 1162 ὁ
689 1123 732 1163 δὲ
753 1123 918 1171 βέλτιςος
946 1123 1181 1178 Ἀρις-οφάνης
1207 1127 1345 1164 κάκεῖνο

168 1191 206 1230 τὸ
238 1190 272 1230 ἐν
298 1193 377 1236 ταῖς
404 1192 697 1246 παραποταμίαις
729 1191 904 1244 (μάχαις)
935 1191 1128 1244 λεγόμενον·

246 1258 409 1310 θρώσκων
436 1272 486 1302 τις
512 1259 608 1296 κατὰ
636 1261 733 1310 κῦμα
761 1258 925 1310 μέλαιναν
959 1256 1059 1312 φρῖχ’
1089 1256 1257 1304 ὑπαλύξει

249 1322 347 1374 ἰχθὺς
372 1326 406 1368 ὅς
434 1338 472 1361 κε
500 1327 632 1378 φάγῃσι
659 1323 847 1368 Λυκάονος
874 1324 1012 1378 ἀργέτα
1039 1321 1153 1375 δημόν

162 1383 340 1426 ’δείκνυσιν
380 1388 427 1433 ὡς
473 1390 716 1445 ἡμαρτημένον
752 1388 966 1429 ὑπολείποιτο
1012 1389 1049 1427 ἐκ
1089 1395 1149 1434 τῆς
1189 1389 1348 1434 παλαιοῖς

168 1460 432 1510 γραμματικῆς.
462 1455 500 1494 οὐ
524 1457 597 1510 γὰρ
624 1458 696 1511 χρὴ
729 1456 769 1494 τὸ
803 1459 848 1500 ὅς
883 1470 929 1494 κε
969 1459 1174 1510 φάγῃσιν
1210 1456 1347 1494 α’κούειν

168 1520 216 1564 ὡς
246 1521 370 1575 ἄρθρον
395 1518 626 1560 ὑποτακτικὸν
652 1521 789 1573 μᾶλλον
816 1520 857 1560 δὲ
884 1520 963 1559 α’ντ’
992 1519 1227 1575 ἐπιρρήματος
1255 1537 1347 1577 παρ-

169 1586 327 1641 ειλῆφθαι
360 1587 399 1625 τὸ
431 1588 478 1631 ὡς
509 1586 553 1638 [ἢ
590 1587 727 1641 μᾶλλον
760 1586 952 1640 σύνδεσμον
987 1586 1154 1628 αἰτιώδηε
1193 1588 1348 1624 addita-

166 1659 340 1690 mentum
379 1653 604 1690 recentioris
645 1651 921 1701 Grammatici]
970 1649 1142 1694 δηλοῦται
1180 1651 1253 1705 γὰρ
1292 1655 1349 1689 ἵνα

167 1719 267 1771 φάγῃ
291 1738 344 1744 —-
366 1716 543 1769 ὅτιμὲν
570 1712 644 1755 οὖν
673 1721 760 1755 τῶν
793 1716 1008 1754 παλαιῶν
1041 1715 1238 1766 βιβλίων
1273 1715 1346 1755 ἐπὶ

172 1783 219 1823 τὸ
256 1785 416 1839 χεῖρον
455 1784 700 1827 κεκίνηται
744 1785 764 1826 ἡ
807 1785 958 1838 γραφὴ
1000 1781 1100 1838 φησὶν
1140 1777 1244 1827 αὖθις
1284 1781 1347 1822 διὰ

171 1849 333 1888 πλειόνων
356 1848 548 1895 ἐπιδείξειν·
580 1848 809 1901 ἐπανάγωμεν
834 1848 869 1887 δ’
897 1847 953 1885 ἐπὶ
980 1848 1038 1885 τὸν
1072 1847 1265 1902 Ἡρόδοτον
1291 1850 1351 1888 καὶ

170 1916 229 1955 τὸν
265 1915 469 1971 διορθωτὴν
506 1914 564 1954 τὸν
596 1916 764 1954 Κοτυαεά
802 1912 1053 1969 Ἀλέξανδρον.
1092 1912 1191 1960 ἠξίου
1222 1917 1294 1972 γὰρ
1331 1917 1349 1955 ὁ

172 1983 267 2036 α’νὴρ
299 1985 443 2037 γράφειν
477 1980 573 2030 (α’ντὶ
601 1982 678 2031 τοῦ)
722 1987 827 2033 τῇσι
859 1981 1106 2024 Μιλησίων
1142 1981 1252 2034 χωρὶς
1292 1986 1351 2020 τοῦ

172 2049 263 2088 ἰῶτα
300 2054 377 2094 τῆς
418 2048 658 2094 Μιλησίων
694 2047 914 2100 ὑποκειμένης
953 2047 1048 2096 (imo
1077 2045 1348 2099 ὑπακουομένης)

172 2116 308 2162 ἔξωθεν
347 2117 499 2170 χώρης
540 2116 560 2157 ἢ
598 2121 695 2169 γῆς.
736 2114 794 2152 καὶ
833 2113 905 2166 ἐγὼ
946 2112 988 2151 δέ
1028 2127 1127 2167 φησιν
1163 2112 1351 2166 ἐπειθόμην

173 2185 281 2228 οὕτως
306 2185 397 2236 ἔχειν
423 2184 470 2223 τὰ
506 2189 567 2229 τῆς
594 2188 732 2240 γιῑαφῆς
744 2214 759 2234 ,
788 2182 843 2222 τὸν
869 2180 904 2221 δ’
934 2179 1053 2237 ἄνδρα
1090 2186 1151 2226 τῆς
1187 2180 1352 2235 α’κριβοῦς

175 2250 341 2294 συνέσεως
376 2249 659 2303 ἐτεθαυμάκειν,
695 2249 792 2299 (εἶτ’)
827 2248 981 2299 ἐντυχὼν
1018 2250 1087 2292 τοῖς
1126 2247 1355 2302 Ἠροδοτείοις

176 2314 292 2360 αὐτοῖς
331 2317 428 2356 ἔπεσι
472 2316 530 2356 καὶ
569 2317 742 2369 γενόμενος
781 2314 835 2354 ἐπὶ
883 2314 969 2353 τέλει
1008 2320 1069 2358 τῆς
1108 2312 1354 2366 Αἰγυπτιακῆς
