1572 2801
775 177 832 220 50

211 311 504 367 stantissimum
547 324 766 368 quemque.
828 312 955 365 Quasi
995 327 1090 356 vero
1127 314 1222 358 inde
1251 329 1378 371 quos·

212 383 315 425 libet
340 397 499 426 errores
527 384 570 426 in
600 383 829 442 quemlibet
866 383 1012 427 cadere
1041 399 1161 444 posse
1191 401 1376 445 sequere-

214 454 301 498 tur!
353 455 505 500 Eorum
541 458 677 501 valere
711 457 833 500 debet
862 459 905 500 in
942 458 1006 501 his
1037 474 1179 502 sensus
1209 468 1252 504 et
1276 463 1379 505 iudi-

213 530 347 585 cium,
377 532 450 588 qui
473 537 621 574 natura
646 536 687 574 et
709 530 850 574 indole
871 536 912 574 et
934 531 1058 590 longa
1080 535 1378 593 consuetudine

214 604 284 658 iis,
316 619 421 660 quos
446 606 770 663 interpretantur
801 610 843 647 et
872 606 1115 661 emendant,
1148 607 1244 650 sacti
1280 615 1376 651 sunt

212 677 438 719 similiores.
500 679 592 720 Non
633 679 818 720 omnium
856 679 978 720 animi
1021 694 1167 737 capere
1204 686 1378 738 possunt

210 763 469 792 summorum
518 752 701 793 virorum
744 756 785 794 et
832 752 1072 808 capitalium
1117 754 1375 809 ingeniorum

212 826 503 881 praestantiam
537 831 661 883 atque
695 825 763 868 hic
800 831 861 868 est
891 841 1000 869 unus
1032 826 1215 869 omnium
1245 841 1378 883 prae-

209 898 461 941 clarissimus
489 899 718 941 Literarum
743 899 924 954 fructus,
957 906 1005 942 ut
1029 915 1051 942 a
1069 901 1225 956 magnis
1256 902 1374 955 viris,

210 971 461 1028 quibuscum
494 971 567 1013 diu
599 987 680 1014 una
712 972 878 1026 vixeris,
911 972 1048 1014 trahas
1080 972 1255 1029 aliquid,
1287 987 1373 1030 quo

210 1046 370 1087 animus
397 1044 448 1086 ad
482 1044 653 1086 eandem
685 1044 943 1086 altitudinem
973 1050 1014 1086 et
1045 1045 1212 1101 spiritus
1248 1046 1382 1102 eriga-.

207 1122 291 1159 tur.
329 1117 506 1159 Fructus
530 1115 601 1157 ille
625 1130 676 1157 ne
698 1115 997 1157 nonnullorum
1023 1115 1157 1158 abusu
1180 1118 1374 1174 cuiquam

207 1191 376 1232 illorum
394 1194 558 1247 pereat,
592 1189 722 1244 quiin
743 1188 821 1229 hac
853 1189 933 1230 vita
956 1204 1037 1231 non
1054 1204 1246 1232 nummos
1280 1196 1375 1233 ante

150 1286 158 1294 ·
209 1265 369 1318 omnia,
404 1277 488 1305 non
518 1262 718 1315 honores,
751 1277 834 1303 non
861 1262 1008 1318 gaudia
1040 1269 1269 1318 quaerunt,
1302 1263 1373 1306 sed

210 1337 330 1379 cultu
376 1336 525 1392 ingenii
575 1335 626 1376 ad
670 1349 805 1376 v·eiam
849 1335 1042 1376 virtutem
1099 1341 1139 1376 et
1187 1336 1373 1378 humani

206 1416 332 1453 tatem
364 1411 599 1462 enituntur,
634 1410 744 1450 omni
777 1422 855 1478 opc
886 1413 927 1450 et
964 1408 1101 1450 studio
1132 1408 1373 1451 cavendum.

205 1485 309 1527 Nam
346 1483 696 1540 quemadmodum
733 1483 1039 1539 unusquisque,
1079 1484 1146 1525 cui
1180 1483 1256 1524 viri
1296 1483 1373 1524 ali·

206 1558 326 1601 cuius
376 1557 573 1613 praeclari
626 1555 722 1598 felix
773 1556 982 1611 ingenium
1030 1556 1284 1612 virtutesque
1325 1571 1373 1599 ac
1429 1584 1433 1589 -

204 1633 349 1675 merita
375 1632 418 1673 in
440 1630 703 1687 quotidianae
724 1630 829 1671 vitae
851 1644 929 1671 usu
951 1644 974 1671 e
996 1629 1231 1685 propinquo
1259 1643 1372 1687 spec-

205 1712 292 1748 tare
321 1710 362 1747 et
391 1718 637 1760 cognoscere
662 1703 852 1758 contigit,
885 1702 1091 1743 meliorem
1122 1716 1164 1743 se
1188 1702 1371 1757 quotidie

208 1778 331 1819 sentit
360 1777 447 1819 fieri
481 1783 522 1819 et
549 1777 787 1830 cultiorem,
820 1776 881 1817 sic
907 1776 978 1831 qui
1005 1790 1101 1817 cum
1129 1774 1368 1831 praeclaris-

208 1851 311 1891 simo
330 1864 499 1905 quoque
520 1850 732 1901 Veterum,
754 1862 933 1904 quorum
949 1848 1224 1889 monumentis
1241 1847 1366 1902 hanc,

206 1938 289 1980 qua
327 1923 527 1976 fruimur,
549 1921 864 1963 rhumanitatem
902 1919 1114 1962 fundatam
1154 1921 1373 1978 nixamque

207 2011 293 2039 esse
322 2001 505 2049 constat,
542 2010 631 2037 eam
665 2010 789 2051 quam
819 1995 995 2035 diximus
1025 1995 1210 2036 notitiam
1239 1999 1280 2036 et
1310 1994 1372 2036 fa-

208 2069 481 2112 miliaritatem
510 2068 779 2123 contraxerit,
814 2068 844 2109 si
877 2067 977 2124 quid
1011 2073 1115 2110 esset
1150 2068 1192 2109 in
1218 2081 1260 2109 se
1284 2081 1373 2109 sor-

209 2142 365 2183 didum
398 2142 462 2183 vel
508 2141 712 2183 abiectum
757 2141 957 2199 paulatim
1000 2141 1123 2182 sentit
1170 2140 1368 2197 abstergi,

210 2214 348 2272 alique
375 2219 416 2257 et
445 2213 679 2256 confirmari
711 2229 794 2257 una
823 2228 917 2256 cum
958 2228 1121 2257 morum
1151 2218 1191 2255 et
1221 2214 1371 2271 ingenii

207 2289 407 2345 elegantia
451 2287 661 2331 ardentem
701 2303 797 2332 eum
845 2287 1023 2330 veritatis
1069 2292 1111 2329 et
1155 2287 1372 2343 aequitatis
