1572 2801
732 178 789 222 72

150 311 302 356 effecit,
333 316 377 348 ut
405 309 539 361 aliqua
564 320 657 361 pars
681 308 897 348 sententiae
918 307 1032 347 nobis
1059 308 1217 361 periret.
1247 307 1342 348 sae-

149 378 304 431 pissime
344 376 423 414 hoc
447 376 597 415 factum
624 382 679 414 est
708 375 775 415 ubi
806 376 911 415 idem
940 374 1180 415 vocabulum
1209 378 1247 416 in
1285 377 1344 416 vi-

154 442 259 481 cinia
285 440 515 480 recurrebat
552 448 622 480 aut
655 442 786 482 similis
815 441 1001 481 vocabuli
1033 443 1255 481 terminatio
1286 442 1348 482 vel

156 509 309 553 forma,
339 520 422 559 quo
450 508 729 547 hallucinantis
754 508 922 546 hominis
949 506 1187 546 aberrabant
1213 508 1342 553 oculi,

158 573 264 611 unde
307 572 538 610 intermedia
574 573 706 611 omnia
745 573 1046 612 intercidebant.
1112 570 1350 610 Incredibile

158 640 268 678 dictu
283 644 360 683 est,
387 645 487 690 quot
511 640 619 677 locos
641 652 685 676 ea
713 640 916 677 calamitas
943 639 1135 677 afflixerit.
1166 638 1250 678 Vae
1275 637 1349 675 mi·

160 704 253 743 seris
278 704 581 756 interpretibus,
606 706 675 756 qui
691 705 782 743 istos
804 705 888 743 aliis
916 706 1045 744 claros
1067 710 1104 743 et
1119 704 1350 757 perspicuos

160 770 327 809 reddere
368 777 576 808 conantur.
644 771 880 811 Plutarchus
928 772 978 808 de
1027 771 1169 809 virtute
1211 769 1349 807 morali

159 851 202 888 p.
230 835 323 874 445.
354 835 393 875 b.
433 836 589 875 scribit:
627 841 685 876 νῦν
707 837 751 877 δὲ
779 839 986 895 σωφροσύνη
1018 839 1079 891 μέν
1113 836 1211 888 ἐς-ιν,
1240 832 1278 874 οὗ
1311 833 1351 874 τὸ

161 903 364 948 παθητικὸν
404 906 524 959 ὥσπερ
561 903 690 945 εὐήνιον
731 904 871 957 θρέμμα
901 903 960 941 καὶ
992 909 1104 957 πρᾷον
1135 902 1152 939 ὁ
1184 898 1350 952 λογισμὸς

162 971 299 1022 ἡνιοχεῖ
331 968 390 1008 καὶ
427 970 712 1025 μεταχειρίζεται
744 969 823 1024 περὶ
855 970 921 1013 τὰς
953 967 1143 1021 ἐπιθυμίας
1173 967 1352 1022 χρώμενος

162 1034 336 1075 ὑπείκοντι
369 1032 428 1073 καὶ
462 1032 645 1089 δεχομένῳ
679 1039 730 1089 τῷ
766 1034 925 1088 λογισμῷ
964 1033 1023 1072 καὶ
1062 1035 1248 1087 κρατοῦντι
1285 1033 1350 1074 τὴν,

161 1100 371 1154 ἐπιθυμίαν,
398 1099 607 1156 ἐγκράτειαν
626 1098 668 1139 δὲ
687 1099 750 1139 οὐκ
768 1099 913 1145 ἀλύπως
940 1103 1018 1152 ἄγει
1040 1098 1122 1138 οὐδὲ
1144 1099 1352 1151 πειθομένην

163 1166 262 1206 ἀλλά
302 1166 459 1220 πλαγίαν
498 1165 558 1205 καὶ
595 1167 879 1220 ἀντιτείνουσαν,
923 1166 992 1206 οἷον
1026 1166 1093 1208 ὑπὸ
1117 1166 1258 1219 πληγῆς
1290 1163 1352 1207 καὶ

162 1232 310 1286 χαλινοῦ
350 1227 654 1284 καταβιαζόμενος
699 1232 759 1271 καὶ
804 1233 1006 1286 ἀνακρούων
1049 1233 1187 1285 ἀγῶνος
1227 1233 1275 1271 ὢν
1318 1231 1353 1271 ἐν

162 1298 279 1351 ἑαυτῷ
312 1296 373 1336 καὶ
407 1296 555 1353 θορύβου
586 1300 707 1351 μες-ός.
742 1300 795 1336 ita
833 1298 940 1336 huuc
977 1300 1111 1336 locum
1152 1298 1354 1336 constituit

161 1363 517 1416 Wyttenbachius,
572 1365 642 1416 qui
684 1364 915 1417 adscripsit:
962 1365 1107 1417 »vulgo
1146 1365 1351 1403 mendose:

162 1428 349 1471 ὑπείκοντι.
389 1428 580 1485 ἐγκράτεια
620 1429 666 1470 δέ
696 1430 751 1477 ἐςι
791 1431 850 1470 καὶ
887 1430 1071 1486 δεχομένῳ
1107 1437 1159 1486 τῷ
1192 1428 1354 1486 λογισμῷ

163 1494 224 1535 καὶ
254 1498 441 1552 κρατοῦντι
473 1499 538 1539 τὴν
570 1496 768 1548 ἐπιθυμίαν.
808 1501 887 1549 ἄγει
919 1498 961 1538 δὲ
995 1499 1058 1537 οὐκ
1096 1498 1239 1543 ἀλύπως
1270 1497 1352 1537 οὐδὲ

162 1564 383 1616 πειθομένην.
431 1562 612 1601 Ceterum
648 1569 700 1617 τῷ
736 1564 894 1618 λογισμῷ
931 1565 1164 1602 mutandum
1199 1565 1356 1603 videtur

162 1630 205 1668 in
231 1629 290 1670 τὸν
323 1628 509 1683 χαλινόν.”
555 1629 645 1679 Quo
679 1632 768 1682 quis
803 1637 859 1669 est
890 1630 1046 1669 doctior
1082 1637 1120 1668 et
1152 1631 1354 1669 subtiliore

160 1698 318 1749 ingenio
347 1709 395 1734 eo
423 1696 539 1747 plura
564 1701 602 1732 et
633 1696 886 1746 exquisitiora
917 1696 968 1733 de
995 1696 1072 1734 hoc
1096 1697 1186 1734 loco
1209 1697 1354 1748 poterit

164 1761 442 1799 commentari:
472 1765 512 1797 at
538 1772 655 1800 nemo
683 1763 827 1813 poterit
856 1775 1045 1814 umquam
1069 1768 1177 1801 recte
1192 1770 1259 1802 aut
1286 1776 1354 1803 ex·

164 1827 316 1879 plicare
353 1833 422 1865 aut
462 1827 683 1865 emendare.
740 1829 843 1867 Vera
883 1829 1002 1866 lectio
1039 1816 1189 1869 servata
1225 1835 1280 1867 est
1315 1830 1356 1868 in

164 1894 316 1947 optimo
348 1894 488 1932 codice
522 1894 745 1935 Marciano:
789 1898 968 1951 χρώμενος
1002 1895 1172 1936 ὑπείκοντι
1205 1894 1264 1934 καὶ
1293 1894 1356 1934 δε·

169 1960 311 2014 χομένῳ
339 1959 387 1999 τὸ
418 1961 609 2016 μέτριον
642 1961 720 2000 καὶ
757 1964 805 2002 τὸ
837 1954 1080 2015 εὔσχημον
1113 1962 1351 2007 ἑκουσίως.

167 2024 262 2064 ὁδὲ
300 2023 538 2080 ἐγκρατὴς
576 2030 680 2080 ἄγει
719 2027 800 2081 μὲν
837 2027 1083 2084 ἐρρωμένῳ
1114 2033 1165 2082 τῷ
1195 2023 1354 2082 λογισμῷ

171 2090 231 2131 καὶ
261 2096 448 2146 κρατοῦντι
478 2096 542 2136 τὴν
573 2094 791 2148 ἐπιθυμίαν,
819 2098 896 2149 ἄγει
928 2095 969 2135 δὲ
1004 2095 1067 2135 οὐκ
1101 2096 1246 2139 ἀλύπως
1274 2093 1357 2134 οὐδὲ

169 2160 379 2211 πειθομένην
414 2161 490 2202 κτὲ.
537 2162 627 2201 Sine
654 2164 815 2201 meliore
840 2163 942 2202 libro
973 2164 1092 2216 igitur
1121 2163 1163 2199 in
1194 2174 1240 2199 eo
1268 2161 1359 2199 loco

171 2234 209 2265 et
244 2228 329 2267 aliis
363 2228 555 2267 sexcentis
593 2241 757 2281 operam
791 2229 964 2267 ludimus
999 2242 1047 2266 ac
1086 2227 1245 2266 vulnera
1288 2239 1359 2265 cu-

174 2294 297 2332 rando
328 2294 476 2333 maiora
505 2293 684 2334 facimus.
728 2294 763 2332 Is
791 2294 897 2333 solus
922 2294 1023 2347 sapit
1050 2293 1120 2346 qui
1147 2292 1197 2332 ab
1226 2292 1361 2337 huius·
