1572 2801
755 220 813 263 47

194 354 392 406 Aristoph.
430 354 582 405 Lysistr.
609 366 663 392 vs.
688 354 782 392 634.

518 418 590 460 ὧδέ
617 421 648 460 θ’
675 420 792 468 ἑςήξω
822 420 909 476 παρ’
938 421 1056 461 αὐτόν.

194 495 231 525 et
267 488 372 525 alibi.
414 488 610 525 Lucianus
648 489 730 538 ipse
766 488 908 525 erravit
943 502 982 538 p.
1014 486 1105 525 559.
1148 486 1208 525 καὶ
1241 489 1310 540 μὴν
1350 489 1380 527 εἰ

197 553 297 593 ταῦτ’
325 554 540 606 ἀγνοήσομεν
565 551 666 591 οὐδὲν
691 552 906 604 γνωσόμεθα
937 556 1007 591 τῶν
1029 551 1176 591 ἑαυτῶν.
1221 553 1380 605 Turpis-

194 619 310 656 simus
344 620 592 657 soloecismus
625 618 665 655 in
700 618 837 657 ἑαυτῶν
873 618 986 656 latuit
1014 619 1297 670 magistelfflm,
1341 627 1380 658 at

195 683 413 721 Lucianum
435 684 549 727 alius,
578 682 706 720 minus
727 684 888 720 fortasse
905 683 1049 734 turpis,
1074 689 1113 720 at
1130 685 1380 724 soloecismus

196 755 351 793 tamen,
381 762 507 800 quum
536 750 752 805 ἀγνοήσομαι
782 755 932 787 tantum
960 761 1040 786 non
1073 749 1236 801 ἀγνοήσω
1272 758 1378 790 vete-

194 827 255 852 res
279 814 458 852 dixerint.
499 815 626 853 Recte
647 814 828 854 Socrates
850 830 890 867 p.
918 815 998 853 569
1028 816 1194 867 castigat
1223 816 1291 867 qui
1316 832 1378 868 με·

196 881 330 924 λετήσω
369 893 444 932 pro
478 881 712 936 μελετήσομαι
748 881 924 921 dicebat:
970 887 1076 919 recte
1107 882 1189 933 ipse
1224 895 1265 932 p.
1301 882 1382 920 564

195 946 369 999 διώξομαι
393 949 594 999 usurpavit
620 961 667 986 ex
690 960 798 986 more
822 947 1042 985 Atticorum
1069 959 1143 998 pro
1167 946 1286 993 διώξω
1296 979 1311 999 ‚
1340 954 1380 986 at

194 1013 235 1050 in
269 1013 328 1049 his
364 1018 401 1049 et
433 1012 620 1049 similibus
654 1011 835 1049 omnibus
866 1016 904 1048 et
940 1011 1137 1048 Lucianus
1170 1018 1208 1049 et
1234 1014 1376 1064 reliqui

195 1078 247 1115 ad
280 1090 401 1115 unum
440 1089 593 1122 omnes,
638 1077 708 1128 qui
735 1089 781 1114 ex
820 1075 926 1114 libris
963 1075 1092 1113 Attice
1122 1076 1374 1123 didicerunt,

194 1143 336 1194 passim
362 1141 630 1192 imprudentes
658 1141 883 1191 aequalium
908 1151 1056 1176 morem
1085 1148 1304 1191 sequuntur
1339 1150 1377 1180 et

192 1209 414 1246 Atticorum
438 1206 710 1243 auctoritatem
735 1206 930 1243 deserunt.

244 1273 338 1324 Pag.
370 1272 435 1309 20.
466 1284 552 1307 cum
577 1275 779 1307 contemtu
805 1270 1032 1308 abiiciendi
1052 1272 1128 1307 isti
1151 1277 1269 1317 sant,
1301 1276 1375 1323 qui

195 1340 321 1376 inani
357 1337 572 1375 verborum
617 1337 796 1388 strepitu
838 1337 1029 1380 incautos
1075 1340 1114 1372 et
1158 1337 1374 1388 imperitos

192 1403 348 1452 fallere
358 1402 567 1455 possunt).
598 1402 797 1438 Proferam
822 1414 967 1445 unum,
994 1413 1041 1438 ex
1069 1414 1151 1451 quo
1175 1403 1223 1440 de
1239 1406 1376 1442 ceteris

193 1471 421 1509 coniectura
440 1468 525 1507 fieri
545 1468 701 1520 poterit.
724 1467 855 1506 Exstat
879 1466 987 1519 apud
1004 1466 1248 1507 Athenaeum
1263 1470 1372 1510 xm.

192 1550 233 1587 p.
276 1534 354 1574 597
383 1547 474 1585 sqq.
515 1546 674 1572 carmen
714 1535 932 1585 elegiacum
959 1534 1302 1581 Hermesianactis,
1334 1540 1374 1575 in

192 1614 274 1654 quo
315 1606 517 1639 enumerat
557 1606 703 1639 veteres
736 1599 873 1637 poetas
914 1604 951 1636 et
982 1599 1258 1653 Philosophos‚
1303 1605 1373 1656 qui

153 1700 155 1703 .
191 1667 332 1703 amoris
372 1667 449 1704 vim
484 1671 699 1702 senserunt.
748 1666 796 1702 ln
835 1677 881 1701 eo
915 1666 1086 1702 carmine
1122 1667 1284 1718 legimus
1316 1683 1368 1707 vs·

184 1732 238 1771 69
263 1746 352 1784 sqq.

300 1798 444 1853 ’Άνδρα
473 1797 514 1837 δὲ
542 1797 598 1836 τὸν
625 1798 834 1853 Κυθέρηθεν
861 1798 1093 1851 ἀνεθρέψαντο
1121 1801 1261 1842 τιθῆναι

409 1867 559 1919 Βάκχου
585 1864 645 1904 καὶ
673 1865 784 1905 λωτοῦ
812 1866 1001 1910 πις-ότατον
1028 1866 1157 1919 ταμίην

301 1935 463 1979 Μούσαις
491 1933 732 1974 παιδευθέντα
757 1932 939 1980 Φιλόξενον
954 1966 969 1985 ,
997 1932 1052 1972 οἷα
1080 1936 1262 1988 τιναχθεὶς

410 2002 529 2056 ὠρυγῇ
557 2001 687 2046 ταύτης
713 1997 805 2042 ἦλθε
832 1999 894 2039 διὰ
921 2000 1073 2046 πτόλεως

301 2070 501 2121 γιγνώσκεις
528 2068 658 2107 ἀΐουσα
686 2069 798 2121 μέγαν
824 2069 958 2120 πόθον,
985 2067 1023 2107 ὃν
1049 2068 1245 2115 Γαλατείης

414 2135 531 2180 αὐτοῖς
560 2135 705 2188 μηλείοις
731 2134 852 2178 θήκαθ’
879 2134 946 2174 ὑπὸ
973 2138 1165 2191 προγόνοις.

242 2199 339 2247 Quis
372 2202 472 2241 haec
508 2202 720 2256 intelligit?
760 2202 882 2241 Nemo
910 2203 1052 2243 hercle.
1083 2204 1266 2243 Omnium
1299 2203 1372 2241 mi·

191 2265 294 2303 nime
321 2269 390 2318 qui
413 2268 659 2320 interpretari
681 2274 891 2306 conantur.
920 2269 1022 2306 Audi
1046 2270 1311 2307 Hermannum
1332 2272 1373 2308 in

195 2331 383 2384 Opuscul.
416 2335 472 2375 IV
499 2350 539 2387 p.
564 2334 645 2374 249
673 2333 941 2375 »παιδευθέντα
972 2335 1164 2386 significat
1193 2338 1372 2389 castiga-
