1572 2801
763 209 823 253 25

198 351 335 389 tamen
374 349 600 402 utcumque
638 345 845 401 corruptis
893 349 935 387 et
976 349 1128 387 temere
1163 347 1357 389 correctis

201 424 286 461 tota
322 418 485 475 linguae
519 424 561 460 et
594 418 847 474 antiquitatis
877 418 1042 459 scientia
1075 424 1357 474 superstructa

202 496 283 533 est:
314 490 423 534 unde
453 491 626 547 intelligi
656 491 776 533 facile
806 495 941 547 potest
972 496 1149 547 quantae
1179 492 1358 549 ineptiae

202 564 246 605 in
270 563 586 604 Grammaticam
616 569 744 604 artem
771 563 974 619 primum,
1005 563 1149 605 deinde
1177 565 1218 605 in
1256 565 1357 605 His-

199 635 345 677 toriam
383 639 424 675 et
453 634 727 690 Antiquitates
756 649 779 676 e
809 634 1028 690 depravata
1060 636 1262 691 scriptura
1293 637 1357 677 in-

201 712 338 749 vectae
361 699 454 747 sint.
499 706 732 748 Indubitata
760 712 801 749 et
825 712 934 749 certa
961 720 1048 748 esse
1073 721 1359 764 quaecumque

201 778 354 822 alicubi
399 779 633 836 legerentur
669 784 882 837 putantes,
923 779 1025 820 nihil
1058 779 1101 820 in
1138 779 1357 823 verborum

201 855 355 908 forma,
389 868 533 907 sensu,
565 854 860 910 compositione
895 859 979 894 tam
1020 853 1186 895 firmum
1217 856 1358 897 crede-

199 924 321 981 bant,
354 926 474 983 quin,
518 926 551 967 si
587 939 695 968 unus
726 930 767 967 et
797 925 901 967 alter
930 924 1047 967 locus
1078 925 1269 969 alicunde
1299 927 1359 969 af-

199 999 394 1052 ferretur,
436 1015 530 1041 cum
575 1000 854 1041 diversissimis
890 999 1047 1040 misceri
1080 999 1361 1056 confundique

199 1083 318 1129 posse
358 1071 401 1112 in
443 1071 626 1112 animum
670 1069 912 1111 inducerent
947 1076 988 1111 et
1026 1072 1358 1114 annotationibus

200 1142 408 1199 perlongis
432 1149 473 1185 et
496 1143 701 1200 perductis
725 1142 969 1183 evincerent.
1012 1141 1223 1184 Errantem
1252 1145 1358 1186 mul-

197 1216 436 1270 titudinem,
469 1229 575 1271 quae
605 1228 766 1269 semper
795 1214 957 1254 inanem
983 1214 1265 1257 auctoritatem
1297 1230 1360 1259 se-

198 1291 271 1346 qui
309 1304 433 1345 quam
472 1287 688 1330 dubitandi
727 1286 1008 1328 salubritatem
1041 1287 1234 1330 adhibere
1273 1304 1360 1331 ma-

195 1361 293 1415 luit,
317 1363 397 1403 iam
415 1362 510 1403 olim
533 1360 584 1401 ad
603 1359 809 1401 meliorem
825 1365 1000 1400 mentem
1016 1374 1206 1402 revocare
1225 1363 1358 1403 conati

199 1439 296 1475 sunt
327 1434 404 1473 viri
435 1434 603 1488 egregii,
645 1446 824 1487 quorum
863 1432 1055 1487 princeps
1085 1434 1127 1473 in
1157 1433 1233 1474 hac
1271 1435 1359 1489 ipsa

197 1505 443 1559 Academia,
502 1504 708 1561 Josephus
774 1502 983 1560 Scaliger,
1041 1504 1202 1547 videtur
1259 1506 1359 1549 mihi

196 1592 325 1635 paene
357 1577 525 1633 perfecti
567 1578 697 1619 critici
732 1566 947 1632 imaginem
980 1578 1143 1620 referre.
1204 1581 1357 1637 Nempe

198 1650 241 1692 hi
271 1663 409 1691 sanam
442 1647 639 1702 rationem
674 1648 824 1701 secuti,
866 1653 1100 1704 comparata
1130 1649 1204 1690 sibi
1233 1665 1356 1692 accu-

196 1730 284 1767 rata
306 1725 469 1780 linguae
489 1725 675 1778 scientia,
702 1723 911 1780 explorata
932 1722 1189 1778 singulorum
1212 1730 1355 1766 aucto-

193 1800 313 1841 ritate
353 1803 650 1854 perspectoque
689 1797 854 1854 penitus
899 1795 1101 1851 cuiusque
1143 1797 1353 1854 scriptoris

193 1872 356 1928 ingenio
387 1875 428 1912 et
459 1869 775 1923 consuetudine,
819 1868 983 1910 fraudes
1016 1868 1278 1911 librariorum
1316 1877 1356 1913 et

196 1943 451 2000 corruptelas
503 1943 724 1985 manifestis
772 1942 929 1984 indiciis
970 1941 1355 1999 deprehendebant,

194 2032 300 2075 quae
340 2019 479 2074 spuria
522 2023 563 2059 et
598 2017 808 2074 supposita
852 2021 985 2058 essent
1031 2017 1152 2058 certis
1190 2018 1296 2058 notis
1333 2032 1356 2059 a

174 2091 378 2148 genuinis
414 2088 719 2140 discernebant,
758 2089 888 2144 aegris
927 2103 974 2130 ac
1004 2088 1235 2145 depravatis
1271 2090 1353 2132 sive

193 2177 243 2205 ex
274 2163 452 2220 antiquis
482 2161 729 2217 membranis
759 2162 842 2203 sive
871 2175 919 2203 ex
951 2161 1112 2217 ingenio
1143 2161 1355 2218 pristinam

192 2235 365 2279 formam
401 2236 680 2279 restituebant.
743 2234 903 2278 Horum
941 2233 1175 2292 exemplum
1212 2234 1355 2291 ingens

190 2309 408 2354 doctorum
439 2311 652 2354 hominum
685 2323 881 2354 numerus
913 2309 1021 2351 omni
1053 2315 1238 2365 tempore
1268 2310 1355 2351 imi-
