1572 2801
734 176 791 220 68

148 307 338 346 habemus
361 305 615 344 confitentem
643 318 683 344 se
709 319 817 357 quae
844 308 892 344 in
919 307 1096 357 antiquo
1121 306 1261 346 codice
1285 305 1345 345 vi·

150 374 271 410 derat
306 373 471 410 lacunis
510 373 677 411 hiantia
702 374 972 410 continuata
998 373 1203 411 ‘oratione
1237 385 1339 425 per-

155 440 397 489 scripsisse,
429 439 524 490 quia
548 439 656 476 nulla
681 450 769 490 spes
792 443 993 489 supererat
1013 437 1097 475 fore
1117 441 1161 474 ut
1183 436 1342 475 aliunde

155 505 446 556 supplerentur.
471 504 521 542 At
544 504 641 542 nihil
661 505 754 542 mali
778 510 908 543 tamen
922 503 1135 542 sibifacere
1156 502 1347 541 videban-

154 575 219 606 tur
246 569 393 621 stupidi
419 568 613 614 homines,
645 583 770 620 quum
799 570 943 607 multos
970 569 1080 607 locos
1102 569 1157 607 sic
1181 569 1223 607 in
1250 581 1343 621 per-

154 642 319 687 petuum
366 635 673 687 pessumdarent.
730 636 787 674 Ex
827 635 887 673 his
922 636 1017 673 locis
1060 636 1125 673 alii
1164 635 1218 673 ita
1258 640 1348 673 sunt

155 702 397 752 comparati,
430 706 474 738 ut
497 706 690 738 attentum
712 701 897 737 lectorem
915 700 1050 737 fauere
1067 711 1149 737 non
1170 700 1339 750 possint,

153 767 218 804 alii
242 768 323 804 sine
346 766 571 804 melioribus
594 766 702 804 libris
726 779 879 818 semper
902 778 974 803 nos
996 765 1209 817 decipient,
1251 766 1346 803 Pro-

156 832 279 870 feram
302 833 482 884 exempla
503 833 708 884 utriusque
733 832 906 884 generis,
937 845 1044 883 quae
1070 832 1203 870 adhuc
1226 833 1347 870 latue-

154 905 261 935 runt.
318 896 365 936 In
405 897 678 948 Xenophontis
713 898 922 935 Hellenicis
958 897 1033 935 111.
1071 899 1108 934 2.
1147 898 1215 937 27.
1252 898 1345 936 edit.

158 965 273 1003 Dind.
307 966 490 1017 legimus:
521 965 723 1018 Δῃουμένής
755 962 797 1003 δὲ
826 969 890 1009 τῆς
924 965 1049 1019 χώρας
1077 963 1136 1002 καὶ
1164 966 1270 1010 οὔσης
1293 969 1354 1009 τῆς

161 1037 315 1086 ς-ρατιοῖς
347 1030 427 1087 περὶ
467 1031 652 1077 Κυλλήνην
691 1031 896 1085 βουλόμενοι
943 1031 972 1070 οἱ
1017 1030 1095 1086 περὶ
1126 1022 1249 1071 Ξενῶιν
1296 1032 1355 1070 τὸν

160 1097 342 1150 λεγόμενον
377 1096 534 1151 μεδίμνῳ
567 1098 894 1152 ἀπομετρήσασθαι
928 1095 967 1135 τὸ
997 1097 1099 1152 παρὰ
1127 1100 1187 1136 τοῦ
1218 1098 1351 1153 πατρὸς

136 1187 138 1189 -
162 1164 330 1220 ἀργύριον
374 1163 424 1203 δι’
465 1164 583 1203 αὐτῶν
630 1169 887 1220 προσχωρῆσαι
933 1165 1005 1208 τοῖς
1056 1162 1352 1217 Λακεδαιμονίοις

160 1230 367 1274 ἐκπεσόντες
404 1230 442 1277 ἐξ
484 1231 593 1275 οἰκίας
633 1230 716 1285 ξίφη
751 1234 892 1284 ἔχοντες
936 1231 1080 1285 σφαγάς
1120 1235 1252 1270 ποιοῦσι
1292 1230 1353 1269 καὶ

160 1296 288 1342 ἄλλους
317 1297 355 1336 τέ
384 1310 478 1341 τινας
507 1295 747 1353 ἀποκτείνουσι
775 1295 835 1335 καὶ
862 1297 975 1349 ὅμοιόν
1003 1310 1082 1335 τινα
1109 1295 1351 1352 Θρασυδαίῳ.

157 1362 288 1400 Arena
316 1363 397 1399 sine
426 1361 550 1399 calce.
595 1362 642 1399 In
669 1362 821 1412 optimo
849 1361 1008 1407 codice,
1038 1374 1159 1412 quem
1184 1362 1357 1401 venetiis

159 1428 329 1472 excussi.
361 1427 462 1465 haec
482 1428 535 1464 ita
557 1428 704 1479 scripta
726 1434 837 1466 sunt:
866 1427 1065 1481 βουλόμενοι
1085 1428 1115 1468 οἱ
1134 1428 1213 1483 περὶ
1233 1428 1358 1469 Ξενίαν

166 1495 206 1534 τὸ
233 1495 417 1548 λεγόμενον
450 1493 609 1548 μεδίμνῳ
646 1496 970 1550 ἀναμετρήσασθαι
999 1496 1185 1551 τάργύριον
1217 1496 1359 1536 πολλῶν

165 1567 270 1600 πᾶσα
302 1559 493 1602 ἐνεπλήσθη
531 1562 552 1603 ἡ
589 1565 740 1618 ς’(ὶατιοὶ.
776 1563 1060 1618 συσπειραθέντες
1089 1560 1114 1601 δ
1117 1562 1134 1601 ε’
1170 1576 1255 1608 τινες
1287 1568 1357 1603 τῶν

165 1627 317 1667 Ἠλείων
352 1626 413 1667 καὶ
445 1628 533 1683 περί
566 1643 643 1668 τινα
674 1629 895 1675 συνελθόντες
936 1630 1046 1668 οἰκίαιν
1080 1627 1285 1674 ἐκπεσόντες
1318 1644 1358 1668 τε

166 1695 205 1743 ἐξ
231 1694 341 1739 αὐτῆς
368 1695 513 1750 σφαγὰς
536 1698 671 1733 ποιοῦσι
695 1695 770 1735 κτὲ.
795 1695 906 1734 vides
926 1696 1090 1734 lacinias
1117 1696 1192 1733 loci
1221 1696 1358 1734 misere

164 1761 302 1800 habiti.
355 1761 534 1813 Apparet
572 1774 620 1798 ex
664 1755 918 1814 sequentibus
957 1762 1082 1800 multa
1121 1760 1354 1798 desiderari:

166 1829 316 1866 librarii
357 1833 401 1864 ut
450 1826 560 1877 apud
598 1825 855 1866 Plutarchum
890 1829 987 1867 κατὰ
1027 1828 1209 1879 συνέχειαν
1251 1828 1359 1882 ἔγρα-

172 1897 247 1950 ψαν
287 1895 335 1934 τὰ
370 1892 600 1933 &Accitana
640 1899 678 1931 et
720 1895 851 1932 omnia
889 1896 970 1933 sine
1011 1895 1093 1932 ullo
1128 1894 1363 1931 lacunarum

169 1962 319 2000 indicio
345 1967 489 2002 temere
517 1960 811 1998 continuarunt.
853 1960 974 1998 Aliud
1001 1960 1222 2011 exemplum
1246 1958 1358 1997 dabit

174 2029 375 2068 Lucianus
397 2028 437 2065 in
459 2027 683 2065 suavissimo
705 2026 804 2064 libro
828 2026 878 2064 de
892 2026 1056 2065 'historia
1078 2024 1363 2064 conscribenda

175 2111 215 2148 p.
244 2094 310 2133 43.
340 2096 577 2147 σεμνυνόμενοι
604 2094 747 2147 μα’λιςα
774 2093 830 2134 ἐπὶ
849 2095 928 2152 ταῖς
953 2092 1189 2150 ἐπιγραφαῖς,
1211 2091 1271 2131 καὶ
1292 2092 1367 2147 γὰρ

180 2158 226 2202 αὖ
254 2159 315 2200 καὶ
344 2157 450 2200 αὗται
481 2160 697 2213 παγγέλοιοι.
729 2164 790 2199 τοῦ
821 2158 933 2206 δεῖνος
960 2161 1148 2217 Παρθικῶν
1174 2163 1280 2197 νικῶν
1304 2174 1365 2198 το-

185 2228 295 2266 σοίδε.
321 2225 382 2265 καὶ
406 2221 452 2265 αὖ
466 2223 656 2280 Παρθίδος
677 2229 816 2280 πρῶτον
825 2257 841 2276 ,
865 2224 1055 2281 δεύτερον,
1079 2225 1135 2270 ὡς
1154 2224 1369 2271 Ἀτθίδος

183 2293 405 2335 δηλονότι
439 2291 557 2343 (haec
581 2290 769 2330 additicia
797 2290 1011 2344 videntur).
1042 2291 1149 2338 ἄλλος
1174 2292 1371 2345 ἀςειότερον
