<?xml version="1.0" encoding="UTF-8"?>
<!DOCTYPE html PUBLIC "-//W3C//DTD XHTML 1.0 Transitional//EN"
    "http://www.w3.org/TR/xhtml1/DTD/xhtml1-transitional.dtd">
<html xmlns="http://www.w3.org/1999/xhtml" xml:lang="en" lang="en">
 <head>
  <title>
</title>
<meta http-equiv="Content-Type" content="text/html;charset=utf-8" />
  <meta name='ocr-system' content='tesseract 3.04.00' />
  <meta name='ocr-capabilities' content='ocr_page ocr_carea ocr_par ocr_line ocrx_word'/>
</head>
<body>
  <div class='ocr_page' id='page_1' title='image "4738083_0093.png"; bbox 0 0 1572 2801; ppageno 0'>
   <div class='ocr_carea' id='block_1_1' title="bbox 719 193 778 239">
    <p class='ocr_par' dir='ltr' id='par_1_1' title="bbox 719 193 778 239">
     <span class='ocr_line' id='line_1_1' title="bbox 719 193 778 239; baseline 0.017 -1"><span class='ocrx_word' id='word_1_1' title='bbox 719 193 778 239; x_wconf 87' lang='lat'><strong>79</strong></span> 
     </span>
    </p>
   </div>
   <div class='ocr_carea' id='block_1_2' title="bbox 124 324 1340 2365">
    <p class='ocr_par' dir='ltr' id='par_1_2' title="bbox 147 324 1340 841">
     <span class='ocr_line' id='line_1_2' title="bbox 155 324 1340 380; baseline 0.001 -15"><span class='ocrx_word' id='word_1_2' title='bbox 155 338 221 365; x_wconf 81' lang='lat' dir='ltr'><strong>eos</strong></span> <span class='ocrx_word' id='word_1_3' title='bbox 234 324 354 366; x_wconf 82' lang='lat' dir='ltr'><strong>libros</strong></span> <span class='ocrx_word' id='word_1_4' title='bbox 368 324 677 379; x_wconf 85' lang='lat' dir='ltr'><strong>descripserunt,</strong></span> <span class='ocrx_word' id='word_1_5' title='bbox 704 339 726 365; x_wconf 86' lang='lat' dir='ltr'><strong>a</strong></span> <span class='ocrx_word' id='word_1_6' title='bbox 750 325 1024 380; x_wconf 82' lang='lat' dir='ltr'><strong>quibusnunc</strong></span> <span class='ocrx_word' id='word_1_7' title='bbox 1036 340 1085 367; x_wconf 88' lang='lat' dir='ltr'><strong>ne</strong></span> <span class='ocrx_word' id='word_1_8' title='bbox 1104 328 1227 366; x_wconf 82' lang='lat' dir='ltr'><strong>latum</strong></span> <span class='ocrx_word' id='word_1_9' title='bbox 1248 329 1340 380; x_wconf 84' lang='lat' dir='ltr'><strong>qui·</strong></span> 
     </span>
     <span class='ocr_line' id='line_1_3' title="bbox 156 392 1334 445; baseline 0.001 -14"><span class='ocrx_word' id='word_1_10' title='bbox 156 394 247 431; x_wconf 89' lang='lat' dir='ltr'><strong>dem</strong></span> <span class='ocrx_word' id='word_1_11' title='bbox 268 405 437 445; x_wconf 86' lang='lat' dir='ltr'><strong>unguem</strong></span> <span class='ocrx_word' id='word_1_12' title='bbox 463 393 664 431; x_wconf 77' lang='lat' dir='ltr'><strong>discedere</strong></span> <span class='ocrx_word' id='word_1_13' title='bbox 682 393 859 432; x_wconf 83' lang='lat' dir='ltr'><strong>homines</strong></span> <span class='ocrx_word' id='word_1_14' title='bbox 879 392 1043 444; x_wconf 86' lang='lat' dir='ltr'><strong>quidam</strong></span> <span class='ocrx_word' id='word_1_15' title='bbox 1057 393 1165 431; x_wconf 89' lang='lat' dir='ltr'><strong>docti</strong></span> <span class='ocrx_word' id='word_1_16' title='bbox 1185 393 1334 432; x_wconf 90' lang='lat' dir='ltr'><strong>iubent.</strong></span> 
     </span>
     <span class='ocr_line' id='line_1_4' title="bbox 155 457 1336 510; baseline 0.002 -14"><span class='ocrx_word' id='word_1_17' title='bbox 155 458 293 510; x_wconf 82' lang='lat' dir='ltr'><strong>Neque</strong></span> <span class='ocrx_word' id='word_1_18' title='bbox 329 463 480 498; x_wconf 85' lang='lat' dir='ltr'><strong>tantum</strong></span> <span class='ocrx_word' id='word_1_19' title='bbox 514 457 759 500; x_wconf 83' lang='lat' dir='ltr'><strong>obscuriores</strong></span> <span class='ocrx_word' id='word_1_20' title='bbox 797 457 1028 508; x_wconf 74' lang='lat' dir='ltr'>scriptores,</span> <span class='ocrx_word' id='word_1_21' title='bbox 1058 471 1230 510; x_wconf 88' lang='lat' dir='ltr'><strong>quorum</strong></span> <span class='ocrx_word' id='word_1_22' title='bbox 1258 462 1336 498; x_wconf 85' lang='lat' dir='ltr'><strong>rari</strong></span> 
     </span>
     <span class='ocr_line' id='line_1_5' title="bbox 155 523 1337 579; baseline 0.003 -16"><span class='ocrx_word' id='word_1_23' title='bbox 155 530 308 563; x_wconf 83' lang='lat' dir='ltr'><strong>tantum</strong></span> <span class='ocrx_word' id='word_1_24' title='bbox 342 524 498 563; x_wconf 88' lang='lat' dir='ltr'><strong>codices</strong></span> <span class='ocrx_word' id='word_1_25' title='bbox 525 538 545 563; x_wconf 84' lang='lat' dir='ltr'>a</span> <span class='ocrx_word' id='word_1_26' title='bbox 575 524 714 576; x_wconf 82' lang='lat' dir='ltr'><strong>paucis</strong></span> <span class='ocrx_word' id='word_1_27' title='bbox 749 523 1001 576; x_wconf 83' lang='lat' dir='ltr'><strong>legebantur,</strong></span> <span class='ocrx_word' id='word_1_28' title='bbox 1047 532 1128 565; x_wconf 82' lang='lat' dir='ltr'><strong>tam</strong></span> <span class='ocrx_word' id='word_1_29' title='bbox 1169 528 1337 579; x_wconf 77' lang='lat' dir='ltr'><strong>turpiter</strong></span> 
     </span>
     <span class='ocr_line' id='line_1_6' title="bbox 150 590 1334 642; baseline 0.003 -14"><span class='ocrx_word' id='word_1_30' title='bbox 150 591 344 642; x_wconf 82' lang='lat' dir='ltr'><strong>inquinati</strong></span> <span class='ocrx_word' id='word_1_31' title='bbox 387 590 737 636; x_wconf 80' lang='lat' dir='ltr'><strong>circumferuntur,</strong></span> <span class='ocrx_word' id='word_1_32' title='bbox 782 603 874 632; x_wconf 84' lang='lat' dir='ltr'><strong>nam</strong></span> <span class='ocrx_word' id='word_1_33' title='bbox 914 592 1197 633; x_wconf 75' lang='lat' dir='ltr'><strong>animadvertat</strong></span> <span class='ocrx_word' id='word_1_34' title='bbox 1238 593 1334 632; x_wconf 88' lang='lat' dir='ltr'><strong>mihi</strong></span> 
     </span>
     <span class='ocr_line' id='line_1_7' title="bbox 152 657 1334 710; baseline 0.003 -15"><span class='ocrx_word' id='word_1_35' title='bbox 152 658 314 709; x_wconf 84' lang='lat' dir='ltr'><strong>aliquis,</strong></span> <span class='ocrx_word' id='word_1_36' title='bbox 347 670 452 708; x_wconf 82' lang='lat' dir='ltr'><strong>quae</strong></span> <span class='ocrx_word' id='word_1_37' title='bbox 479 658 698 709; x_wconf 85' lang='lat' dir='ltr'><strong>turpissima</strong></span> <span class='ocrx_word' id='word_1_38' title='bbox 725 657 818 696; x_wconf 80' lang='lat' dir='ltr'><strong>vitia</strong></span> <span class='ocrx_word' id='word_1_39' title='bbox 848 659 1034 698; x_wconf 84' lang='lat' dir='ltr'><strong>sermonis</strong></span> <span class='ocrx_word' id='word_1_40' title='bbox 1060 659 1224 697; x_wconf 89' lang='lat' dir='ltr'><strong>nimium</strong></span> <span class='ocrx_word' id='word_1_41' title='bbox 1258 672 1334 710; x_wconf 80' lang='lat' dir='ltr'><strong>pa-</strong></span> 
     </span>
     <span class='ocr_line' id='line_1_8' title="bbox 150 723 1329 776; baseline 0.005 -17"><span class='ocrx_word' id='word_1_42' title='bbox 150 723 291 760; x_wconf 87' lang='lat' dir='ltr'><strong>tienter</strong></span> <span class='ocrx_word' id='word_1_43' title='bbox 330 723 504 762; x_wconf 84' lang='lat' dir='ltr'><strong>ferantur</strong></span> <span class='ocrx_word' id='word_1_44' title='bbox 543 724 584 761; x_wconf 90' lang='lat' dir='ltr'><strong>in</strong></span> <span class='ocrx_word' id='word_1_45' title='bbox 631 724 691 761; x_wconf 89' lang='lat' dir='ltr'><strong>his</strong></span> <span class='ocrx_word' id='word_1_46' title='bbox 730 723 1003 776; x_wconf 76' lang='lat' dir='ltr'><strong>Aristophanis</strong></span> <span class='ocrx_word' id='word_1_47' title='bbox 1040 724 1214 767; x_wconf 80' lang='lat' dir='ltr'><strong>versibus</strong></span> <span class='ocrx_word' id='word_1_48' title='bbox 1256 725 1329 766; x_wconf 72' lang='lat' dir='ltr'><strong>Av-</strong></span> 
     </span>
     <span class='ocr_line' id='line_1_9' title="bbox 147 788 357 841; baseline 0.005 -15"><span class='ocrx_word' id='word_1_49' title='bbox 147 788 242 829; x_wconf 80' lang='lat'><strong>417.</strong></span> <span class='ocrx_word' id='word_1_50' title='bbox 267 801 357 841; x_wconf 87' lang='lat' dir='ltr'><strong>sqq.</strong></span> 
     </span>
    </p>

    <p class='ocr_par' dir='ltr' id='par_1_3' title="bbox 383 852 1079 909">
     <span class='ocr_line' id='line_1_10' title="bbox 383 852 1079 909; baseline 0.001 -17"><span class='ocrx_word' id='word_1_51' title='bbox 383 854 451 907; x_wconf 77' lang='grc' dir='ltr'><strong>ὁρᾷ</strong></span> <span class='ocrx_word' id='word_1_52' title='bbox 478 854 517 892; x_wconf 87' lang='grc' dir='ltr'><strong>τί</strong></span> <span class='ocrx_word' id='word_1_53' title='bbox 539 852 661 909; x_wconf 76' lang='grc' dir='ltr'><em>κέρδος</em></span> <span class='ocrx_word' id='word_1_54' title='bbox 687 852 817 893; x_wconf 65' lang='grc' dir='ltr'><em>ἐνθάδ’</em></span> <span class='ocrx_word' id='word_1_55' title='bbox 844 853 944 901; x_wconf 83' lang='grc' dir='ltr'>ἄξιον</span> <span class='ocrx_word' id='word_1_56' title='bbox 971 860 1079 908; x_wconf 85' lang='grc' dir='ltr'>μονῆς</span> 
     </span>
    </p>

    <p class='ocr_par' dir='ltr' id='par_1_4' title="bbox 384 920 850 975">
     <span class='ocr_line' id='line_1_11' title="bbox 384 920 850 975; baseline 0.002 -15"><span class='ocrx_word' id='word_1_57' title='bbox 384 924 454 975; x_wconf 82' lang='grc' dir='ltr'><strong>ὅτῳ</strong></span> <span class='ocrx_word' id='word_1_58' title='bbox 481 922 635 961; x_wconf 66' lang='grc' dir='ltr'>πέποιὲέ</span> <span class='ocrx_word' id='word_1_59' title='bbox 655 937 712 974; x_wconf 89' lang='grc' dir='ltr'><strong>μοι</strong></span> <span class='ocrx_word' id='word_1_60' title='bbox 738 920 850 969; x_wconf 83' lang='grc' dir='ltr'><em>ξυνὼν</em></span> 
     </span>
    </p>

    <p class='ocr_par' dir='ltr' id='par_1_5' title="bbox 385 986 1091 1044">
     <span class='ocr_line' id='line_1_12' title="bbox 385 986 1091 1044; baseline 0.001 -17"><span class='ocrx_word' id='word_1_61' title='bbox 385 991 584 1043; x_wconf 83' lang='grc' dir='ltr'><em>κρατεῖν</em></span> <span class='ocrx_word' id='word_1_62' title='bbox 619 988 672 1027; x_wconf 82' lang='grc' dir='ltr'><strong>ἂν</strong></span> <span class='ocrx_word' id='word_1_63' title='bbox 707 988 729 1031; x_wconf 80' lang='grc' dir='ltr'>ἢ</span> <span class='ocrx_word' id='word_1_64' title='bbox 768 988 841 1028; x_wconf 81' lang='grc' dir='ltr'><strong>τὸν</strong></span> <span class='ocrx_word' id='word_1_65' title='bbox 871 986 1036 1044; x_wconf 83' lang='grc' dir='ltr'><em>ἐχθρὸν</em></span> <span class='ocrx_word' id='word_1_66' title='bbox 1067 988 1091 1031; x_wconf 78' lang='grc' dir='ltr'>ἢ</span> 
     </span>
    </p>

    <p class='ocr_par' dir='ltr' id='par_1_6' title="bbox 131 1054 1327 2099">
     <span class='ocr_line' id='line_1_13' title="bbox 382 1054 1010 1109; baseline 0 -16"><span class='ocrx_word' id='word_1_67' title='bbox 382 1054 584 1109; x_wconf 81' lang='grc' dir='ltr'>φίλοισιν</span> <span class='ocrx_word' id='word_1_68' title='bbox 624 1054 819 1109; x_wconf 82' lang='grc' dir='ltr'>ὠφελεῖν</span> <span class='ocrx_word' id='word_1_69' title='bbox 858 1056 1010 1106; x_wconf 84' lang='grc' dir='ltr'>ἔχειν,·</span> 
     </span>
     <span class='ocr_line' id='line_1_14' title="bbox 145 1120 1327 1175; baseline -0.002 -16"><span class='ocrx_word' id='word_1_70' title='bbox 145 1120 274 1172; x_wconf 81' lang='lat' dir='ltr'><strong>quid?</strong></span> <span class='ocrx_word' id='word_1_71' title='bbox 311 1123 475 1159; x_wconf 80' lang='lat' dir='ltr'><strong>vincere</strong></span> <span class='ocrx_word' id='word_1_72' title='bbox 502 1121 658 1159; x_wconf 78' lang='lat' dir='ltr'><strong>hostem</strong></span> <span class='ocrx_word' id='word_1_73' title='bbox 690 1121 869 1172; x_wconf 80' lang='lat' dir='ltr'><strong>potuitne</strong></span> <span class='ocrx_word' id='word_1_74' title='bbox 894 1120 945 1157; x_wconf 82' lang='lat' dir='ltr'><strong>ab</strong></span> <span class='ocrx_word' id='word_1_75' title='bbox 977 1120 1046 1157; x_wconf 89' lang='lat' dir='ltr'><strong>illo</strong></span> <span class='ocrx_word' id='word_1_76' title='bbox 1080 1120 1159 1157; x_wconf 88' lang='lat' dir='ltr'><strong>dici</strong></span> <span class='ocrx_word' id='word_1_77' title='bbox 1185 1121 1327 1175; x_wconf 84' lang='grc' dir='ltr'>κρατεῖν</span> 
     </span>
     <span class='ocr_line' id='line_1_15' title="bbox 144 1185 1324 1243; baseline 0 -18"><span class='ocrx_word' id='word_1_78' title='bbox 144 1187 443 1243; x_wconf 70' lang='grc' dir='ltr'><em>τὸν-ἐχθρόν,</em></span> <span class='ocrx_word' id='word_1_79' title='bbox 472 1193 540 1226; x_wconf 81' lang='lat' dir='ltr'><strong>aut</strong></span> <span class='ocrx_word' id='word_1_80' title='bbox 566 1188 723 1225; x_wconf 79' lang='lat' dir='ltr'><strong>amicos</strong></span> <span class='ocrx_word' id='word_1_81' title='bbox 747 1188 894 1225; x_wconf 82' lang='lat' dir='ltr'><strong>iuvare</strong></span> <span class='ocrx_word' id='word_1_82' title='bbox 922 1188 1019 1232; x_wconf 83' lang='grc' dir='ltr'><strong>τοῖς</strong></span> <span class='ocrx_word' id='word_1_83' title='bbox 1056 1185 1205 1241; x_wconf 82' lang='grc' dir='ltr'>φίλοις</span> <span class='ocrx_word' id='word_1_84' title='bbox 1231 1186 1324 1241; x_wconf 82' lang='grc' dir='ltr'>ὡφε-</span> 
     </span>
     <span class='ocr_line' id='line_1_16' title="bbox 145 1252 1322 1309; baseline -0.001 -16"><span class='ocrx_word' id='word_1_85' title='bbox 145 1254 248 1294; x_wconf 65' lang='grc' dir='ltr'><strong>λεῖνῖ)</strong></span> <span class='ocrx_word' id='word_1_86' title='bbox 275 1255 423 1293; x_wconf 87' lang='lat' dir='ltr'><strong>Deinde</strong></span> <span class='ocrx_word' id='word_1_87' title='bbox 451 1267 524 1306; x_wconf 86' lang='lat' dir='ltr'><strong>pro</strong></span> <span class='ocrx_word' id='word_1_88' title='bbox 554 1254 575 1296; x_wconf 80' lang='grc' dir='ltr'>ἢ</span> <span class='ocrx_word' id='word_1_89' title='bbox 603 1254 744 1309; x_wconf 78' lang='grc' dir='ltr'>κρατεῖν</span> <span class='ocrx_word' id='word_1_90' title='bbox 772 1258 842 1293; x_wconf 88' lang='grc' dir='ltr'><strong>τῶν</strong></span> <span class='ocrx_word' id='word_1_91' title='bbox 875 1252 1013 1309; x_wconf 81' lang='grc' dir='ltr'><em>ἐχθρῶν</em></span> <span class='ocrx_word' id='word_1_92' title='bbox 1043 1253 1066 1296; x_wconf 81' lang='grc' dir='ltr'>ἢ</span> <span class='ocrx_word' id='word_1_93' title='bbox 1094 1252 1171 1298; x_wconf 83' lang='grc' dir='ltr'>τοὺς</span> <span class='ocrx_word' id='word_1_94' title='bbox 1200 1253 1322 1308; x_wconf 82' lang='grc' dir='ltr'>φίλους</span> 
     </span>
     <span class='ocr_line' id='line_1_17' title="bbox 141 1319 1323 1374; baseline -0.002 -16"><span class='ocrx_word' id='word_1_95' title='bbox 141 1319 282 1374; x_wconf 77' lang='grc' dir='ltr'>ὠφελεῖν</span> <span class='ocrx_word' id='word_1_96' title='bbox 309 1319 492 1357; x_wconf 83' lang='lat' dir='ltr'><strong>licebitne</strong></span> <span class='ocrx_word' id='word_1_97' title='bbox 520 1319 698 1356; x_wconf 89' lang='lat' dir='ltr'><strong>omittere</strong></span> <span class='ocrx_word' id='word_1_98' title='bbox 726 1320 957 1357; x_wconf 84' lang='lat' dir='ltr'><strong>alterutrum</strong></span> <span class='ocrx_word' id='word_1_99' title='bbox 991 1320 1204 1357; x_wconf 79' lang='lat' dir='ltr'><strong>articulum</strong></span> <span class='ocrx_word' id='word_1_100' title='bbox 1230 1326 1268 1357; x_wconf 89' lang='lat' dir='ltr'><strong>et</strong></span> <span class='ocrx_word' id='word_1_101' title='bbox 1300 1321 1323 1362; x_wconf 83' lang='grc' dir='ltr'>ἢ</span> 
     </span>
     <span class='ocr_line' id='line_1_18' title="bbox 134 1385 1321 1442; baseline 0 -18"><span class='ocrx_word' id='word_1_102' title='bbox 134 1388 189 1425; x_wconf 86' lang='lat' dir='ltr'><strong>ita</strong></span> <span class='ocrx_word' id='word_1_103' title='bbox 209 1387 402 1432; x_wconf 82' lang='lat' dir='ltr'><strong>traiicere,</strong></span> <span class='ocrx_word' id='word_1_104' title='bbox 436 1392 479 1424; x_wconf 92' lang='lat' dir='ltr'><strong>ut</strong></span> <span class='ocrx_word' id='word_1_105' title='bbox 502 1387 671 1438; x_wconf 82' lang='lat' dir='ltr'><strong>legatur:</strong></span> <span class='ocrx_word' id='word_1_106' title='bbox 700 1388 842 1441; x_wconf 83' lang='grc' dir='ltr'><strong><em>κρατεῖν</em></strong></span> <span class='ocrx_word' id='word_1_107' title='bbox 865 1387 887 1429; x_wconf 83' lang='grc' dir='ltr'>ἢ</span> <span class='ocrx_word' id='word_1_108' title='bbox 912 1391 981 1427; x_wconf 86' lang='grc' dir='ltr'><strong>τῶν</strong></span> <span class='ocrx_word' id='word_1_109' title='bbox 1000 1385 1136 1442; x_wconf 80' lang='grc' dir='ltr'><em>ἐχθρῶν</em></span> <span class='ocrx_word' id='word_1_110' title='bbox 1157 1385 1179 1427; x_wconf 79' lang='grc' dir='ltr'>ἢ</span> <span class='ocrx_word' id='word_1_111' title='bbox 1201 1385 1321 1440; x_wconf 76' lang='grc' dir='ltr'>φίλους</span> 
     </span>
     <span class='ocr_line' id='line_1_19' title="bbox 140 1452 1321 1507; baseline -0.002 -16"><span class='ocrx_word' id='word_1_112' title='bbox 140 1452 310 1507; x_wconf 68' lang='grc' dir='ltr'><strong>ὠφελεΐνῖ)</strong></span> <span class='ocrx_word' id='word_1_113' title='bbox 352 1452 430 1500; x_wconf 87' lang='lat' dir='ltr'><strong>Qui</strong></span> <span class='ocrx_word' id='word_1_114' title='bbox 462 1452 563 1490; x_wconf 82' lang='lat' dir='ltr'><strong>haec</strong></span> <span class='ocrx_word' id='word_1_115' title='bbox 597 1452 786 1489; x_wconf 84' lang='lat' dir='ltr'><strong>inducere</strong></span> <span class='ocrx_word' id='word_1_116' title='bbox 824 1452 865 1490; x_wconf 90' lang='lat' dir='ltr'><strong>in</strong></span> <span class='ocrx_word' id='word_1_117' title='bbox 902 1453 1076 1490; x_wconf 83' lang='lat' dir='ltr'><strong>animum</strong></span> <span class='ocrx_word' id='word_1_118' title='bbox 1113 1458 1243 1503; x_wconf 89' lang='lat' dir='ltr'><strong>potest</strong></span> <span class='ocrx_word' id='word_1_119' title='bbox 1278 1453 1321 1490; x_wconf 89' lang='lat' dir='ltr'><strong>in</strong></span> 
     </span>
     <span class='ocr_line' id='line_1_20' title="bbox 138 1516 1322 1571; baseline -0.001 -14"><span class='ocrx_word' id='word_1_120' title='bbox 138 1531 395 1571; x_wconf 87' lang='lat' dir='ltr'><strong>quacumque</strong></span> <span class='ocrx_word' id='word_1_121' title='bbox 410 1518 487 1556; x_wconf 86' lang='lat' dir='ltr'><strong>alia</strong></span> <span class='ocrx_word' id='word_1_122' title='bbox 500 1530 542 1556; x_wconf 91' lang='lat' dir='ltr'><strong>re</strong></span> <span class='ocrx_word' id='word_1_123' title='bbox 557 1518 688 1556; x_wconf 85' lang='lat' dir='ltr'><strong>utilius</strong></span> <span class='ocrx_word' id='word_1_124' title='bbox 702 1529 825 1570; x_wconf 84' lang='lat' dir='ltr'><strong>quam</strong></span> <span class='ocrx_word' id='word_1_125' title='bbox 838 1517 880 1555; x_wconf 87' lang='lat' dir='ltr'><strong>in</strong></span> <span class='ocrx_word' id='word_1_126' title='bbox 894 1516 1052 1555; x_wconf 85' lang='lat' dir='ltr'><strong>Graecis</strong></span> <span class='ocrx_word' id='word_1_127' title='bbox 1065 1517 1322 1569; x_wconf 86' lang='lat' dir='ltr'><strong>scriptoribus</strong></span> 
     </span>
     <span class='ocr_line' id='line_1_21' title="bbox 136 1584 1319 1637; baseline 0.001 -15"><span class='ocrx_word' id='word_1_128' title='bbox 136 1585 440 1637; x_wconf 81' lang='lat' dir='ltr'><strong>interpretandis</strong></span> <span class='ocrx_word' id='word_1_129' title='bbox 459 1584 637 1622; x_wconf 82' lang='lat' dir='ltr'><strong>studium</strong></span> <span class='ocrx_word' id='word_1_130' title='bbox 674 1590 712 1621; x_wconf 89' lang='lat' dir='ltr'><strong>et</strong></span> <span class='ocrx_word' id='word_1_131' title='bbox 747 1596 909 1634; x_wconf 82' lang='lat' dir='ltr'><strong>operam</strong></span> <span class='ocrx_word' id='word_1_132' title='bbox 943 1596 1054 1621; x_wconf 89' lang='lat' dir='ltr'><strong>suam</strong></span> <span class='ocrx_word' id='word_1_133' title='bbox 1090 1584 1319 1623; x_wconf 79' lang='lat' dir='ltr'><strong>collocabit.</strong></span> 
     </span>
     <span class='ocr_line' id='line_1_22' title="bbox 135 1648 1315 1702; baseline -0.002 -14"><span class='ocrx_word' id='word_1_134' title='bbox 135 1651 241 1699; x_wconf 89' lang='lat' dir='ltr'><strong>Quid</strong></span> <span class='ocrx_word' id='word_1_135' title='bbox 263 1650 409 1702; x_wconf 79' lang='lat' dir='ltr'><strong>igitur?</strong></span> <span class='ocrx_word' id='word_1_136' title='bbox 436 1651 477 1688; x_wconf 89' lang='lat' dir='ltr'><strong>in</strong></span> <span class='ocrx_word' id='word_1_137' title='bbox 503 1648 725 1687; x_wconf 87' lang='lat' dir='ltr'><strong>huiusmodi</strong></span> <span class='ocrx_word' id='word_1_138' title='bbox 753 1649 850 1687; x_wconf 86' lang='lat' dir='ltr'><strong>locis</strong></span> <span class='ocrx_word' id='word_1_139' title='bbox 874 1649 965 1686; x_wconf 88' lang='lat' dir='ltr'><strong>licet</strong></span> <span class='ocrx_word' id='word_1_140' title='bbox 989 1660 1069 1687; x_wconf 83' lang='lat' dir='ltr'><strong>esse</strong></span> <span class='ocrx_word' id='word_1_141' title='bbox 1090 1649 1315 1700; x_wconf 80' lang='lat' dir='ltr'><strong>ingeniosis,</strong></span> 
     </span>
     <span class='ocr_line' id='line_1_23' title="bbox 135 1714 1317 1767; baseline -0.002 -13"><span class='ocrx_word' id='word_1_142' title='bbox 135 1722 174 1754; x_wconf 85' lang='lat' dir='ltr'><strong>at</strong></span> <span class='ocrx_word' id='word_1_143' title='bbox 200 1729 343 1767; x_wconf 89' lang='lat' dir='ltr'><strong>parum</strong></span> <span class='ocrx_word' id='word_1_144' title='bbox 366 1721 433 1753; x_wconf 83' lang='lat' dir='ltr'><strong>aut</strong></span> <span class='ocrx_word' id='word_1_145' title='bbox 459 1715 557 1753; x_wconf 86' lang='lat' dir='ltr'><strong>nihil</strong></span> <span class='ocrx_word' id='word_1_146' title='bbox 579 1715 752 1766; x_wconf 88' lang='lat' dir='ltr'><strong>prodest.</strong></span> <span class='ocrx_word' id='word_1_147' title='bbox 791 1714 1043 1752; x_wconf 82' lang='lat' dir='ltr'><strong>Metuendum</strong></span> <span class='ocrx_word' id='word_1_148' title='bbox 1065 1714 1167 1751; x_wconf 87' lang='lat' dir='ltr'><strong>enim</strong></span> <span class='ocrx_word' id='word_1_149' title='bbox 1190 1720 1245 1751; x_wconf 86' lang='lat' dir='ltr'><strong>est</strong></span> <span class='ocrx_word' id='word_1_150' title='bbox 1266 1727 1317 1752; x_wconf 89' lang='lat' dir='ltr'><strong>ne</strong></span> 
     </span>
     <span class='ocr_line' id='line_1_24' title="bbox 135 1778 1317 1834; baseline -0.003 -14"><span class='ocrx_word' id='word_1_151' title='bbox 135 1783 266 1820; x_wconf 86' lang='lat' dir='ltr'><strong>omnia</strong></span> <span class='ocrx_word' id='word_1_152' title='bbox 291 1782 478 1834; x_wconf 87' lang='lat' dir='ltr'><strong>antiquae</strong></span> <span class='ocrx_word' id='word_1_153' title='bbox 503 1781 719 1834; x_wconf 85' lang='lat' dir='ltr'><strong>scripturae</strong></span> <span class='ocrx_word' id='word_1_154' title='bbox 740 1778 887 1818; x_wconf 86' lang='lat' dir='ltr'><strong>indicia</strong></span> <span class='ocrx_word' id='word_1_155' title='bbox 911 1784 949 1817; x_wconf 90' lang='lat' dir='ltr'><strong>et</strong></span> <span class='ocrx_word' id='word_1_156' title='bbox 972 1778 1132 1830; x_wconf 85' lang='lat' dir='ltr'><strong>vestigia</strong></span> <span class='ocrx_word' id='word_1_157' title='bbox 1157 1792 1317 1831; x_wconf 89' lang='lat' dir='ltr'><strong>prorsus</strong></span> 
     </span>
     <span class='ocr_line' id='line_1_25' title="bbox 134 1845 1319 1900; baseline -0.002 -15"><span class='ocrx_word' id='word_1_158' title='bbox 134 1849 208 1886; x_wconf 88' lang='lat' dir='ltr'><strong>sint</strong></span> <span class='ocrx_word' id='word_1_159' title='bbox 227 1849 351 1887; x_wconf 82' lang='lat' dir='ltr'><strong>deleta</strong></span> <span class='ocrx_word' id='word_1_160' title='bbox 365 1878 374 1894; x_wconf 87' lang='lat'><strong>‚</strong></span> <span class='ocrx_word' id='word_1_161' title='bbox 397 1849 533 1900; x_wconf 85' lang='lat' dir='ltr'><strong>itaque</strong></span> <span class='ocrx_word' id='word_1_162' title='bbox 554 1847 594 1885; x_wconf 91' lang='lat' dir='ltr'><strong>in</strong></span> <span class='ocrx_word' id='word_1_163' title='bbox 618 1847 678 1885; x_wconf 86' lang='lat' dir='ltr'><strong>his</strong></span> <span class='ocrx_word' id='word_1_164' title='bbox 698 1845 880 1884; x_wconf 85' lang='lat' dir='ltr'><strong>omnibus</strong></span> <span class='ocrx_word' id='word_1_165' title='bbox 900 1845 1129 1884; x_wconf 87' lang='lat' dir='ltr'><strong>criticorum</strong></span> <span class='ocrx_word' id='word_1_166' title='bbox 1147 1845 1319 1896; x_wconf 85' lang='lat' dir='ltr'><strong>optimus</strong></span> 
     </span>
     <span class='ocr_line' id='line_1_26' title="bbox 132 1910 1316 1966; baseline -0.004 -14"><span class='ocrx_word' id='word_1_167' title='bbox 132 1920 188 1952; x_wconf 92' lang='lat' dir='ltr'><strong>est</strong></span> <span class='ocrx_word' id='word_1_168' title='bbox 217 1915 347 1966; x_wconf 88' lang='lat' dir='ltr'><strong>(quod</strong></span> <span class='ocrx_word' id='word_1_169' title='bbox 379 1914 429 1952; x_wconf 89' lang='lat' dir='ltr'><strong>de</strong></span> <span class='ocrx_word' id='word_1_170' title='bbox 460 1913 623 1952; x_wconf 86' lang='lat' dir='ltr'><strong>medicis</strong></span> <span class='ocrx_word' id='word_1_171' title='bbox 657 1912 754 1950; x_wconf 82' lang='lat' dir='ltr'><strong>dixit</strong></span> <span class='ocrx_word' id='word_1_172' title='bbox 789 1911 931 1962; x_wconf 83' lang='lat' dir='ltr'><strong>aliquis</strong></span> <span class='ocrx_word' id='word_1_173' title='bbox 963 1910 1073 1961; x_wconf 83' lang='lat' dir='ltr'><strong>apud</strong></span> <span class='ocrx_word' id='word_1_174' title='bbox 1100 1910 1316 1948; x_wconf 85' lang='lat' dir='ltr'><strong>Stobaeum</strong></span> 
     </span>
     <span class='ocr_line' id='line_1_27' title="bbox 132 1976 1312 2032; baseline 0 -15"><span class='ocrx_word' id='word_1_175' title='bbox 132 1980 263 2018; x_wconf 86' lang='lat' dir='ltr'><strong>Floril.</strong></span> <span class='ocrx_word' id='word_1_176' title='bbox 294 1980 378 2019; x_wconf 81' lang='lat' dir='ltr'><strong>cll.</strong></span> <span class='ocrx_word' id='word_1_177' title='bbox 401 1979 445 2032; x_wconf 89' lang='grc'><strong>9)</strong></span> <span class='ocrx_word' id='word_1_178' title='bbox 474 1982 492 2020; x_wconf 86' lang='grc' dir='ltr'>ὁ</span> <span class='ocrx_word' id='word_1_179' title='bbox 521 1981 568 2019; x_wconf 80' lang='grc' dir='ltr'><strong>τὰ</strong></span> <span class='ocrx_word' id='word_1_180' title='bbox 595 1980 736 2020; x_wconf 79' lang='grc' dir='ltr'><em>δυνατὰ</em></span> <span class='ocrx_word' id='word_1_181' title='bbox 764 1978 824 2017; x_wconf 85' lang='grc' dir='ltr'><strong>καὶ</strong></span> <span class='ocrx_word' id='word_1_182' title='bbox 851 1979 898 2017; x_wconf 78' lang='grc' dir='ltr'><strong>τὰ</strong></span> <span class='ocrx_word' id='word_1_183' title='bbox 924 1977 1092 2017; x_wconf 75' lang='grc' dir='ltr'>α’δύνατα</span> <span class='ocrx_word' id='word_1_184' title='bbox 1118 1976 1312 2030; x_wconf 68' lang='grc' dir='ltr'>δυνάμενος</span> 
     </span>
     <span class='ocr_line' id='line_1_28' title="bbox 131 2044 410 2099; baseline -0.004 -13"><span class='ocrx_word' id='word_1_185' title='bbox 131 2044 394 2099; x_wconf 78' lang='grc' dir='ltr'><strong>διαγιγνώσκειν</strong></span> <span class='ocrx_word' id='word_1_186' title='bbox 400 2076 410 2085; x_wconf 93' lang='grc'><strong><em>.</em></strong></span> 
     </span>
    </p>

    <p class='ocr_par' dir='ltr' id='par_1_7' title="bbox 124 2111 1316 2365">
     <span class='ocr_line' id='line_1_29' title="bbox 181 2111 1311 2165; baseline -0.001 -16"><span class='ocrx_word' id='word_1_187' title='bbox 181 2112 275 2165; x_wconf 79' lang='lat' dir='ltr'>Pag.</span> <span class='ocrx_word' id='word_1_188' title='bbox 305 2115 370 2152; x_wconf 81' lang='grc'><strong>23.</strong></span> <span class='ocrx_word' id='word_1_189' title='bbox 415 2115 572 2153; x_wconf 80' lang='lat' dir='ltr'><strong>Bonum</strong></span> <span class='ocrx_word' id='word_1_190' title='bbox 603 2114 784 2161; x_wconf 76' lang='lat' dir='ltr'><strong>factum,</strong></span> <span class='ocrx_word' id='word_1_191' title='bbox 824 2112 937 2164; x_wconf 85' lang='lat' dir='ltr'><strong>quod</strong></span> <span class='ocrx_word' id='word_1_192' title='bbox 969 2112 1066 2150; x_wconf 80' lang='lat' dir='ltr'><strong>bene</strong></span> <span class='ocrx_word' id='word_1_193' title='bbox 1094 2111 1216 2149; x_wconf 77' lang='lat' dir='ltr'><strong>multi</strong></span> <span class='ocrx_word' id='word_1_194' title='bbox 1242 2123 1311 2148; x_wconf 73' lang='lat' dir='ltr'><strong>Su·</strong></span> 
     </span>
     <span class='ocr_line' id='line_1_30' title="bbox 124 2177 1316 2232; baseline -0.003 -17"><span class='ocrx_word' id='word_1_195' title='bbox 124 2184 303 2228; x_wconf 64' lang='lat' dir='ltr'><strong>pers-unt</strong></span> <span class='ocrx_word' id='word_1_196' title='bbox 330 2181 431 2219; x_wconf 78' lang='lat' dir='ltr'><strong>libri</strong></span> <span class='ocrx_word' id='word_1_197' title='bbox 456 2183 630 2226; x_wconf 81' lang='lat' dir='ltr'><strong>vetusti,</strong></span> <span class='ocrx_word' id='word_1_198' title='bbox 660 2179 1056 2232; x_wconf 66' lang='lat' dir='ltr'><strong>interpolationibus</strong></span> <span class='ocrx_word' id='word_1_199' title='bbox 1084 2180 1180 2217; x_wconf 75' lang='lat' dir='ltr'><strong>istis</strong></span> <span class='ocrx_word' id='word_1_200' title='bbox 1203 2177 1316 2213; x_wconf 82' lang='lat' dir='ltr'><strong>anti-</strong></span> 
     </span>
     <span class='ocr_line' id='line_1_31' title="bbox 130 2243 1312 2297; baseline -0.001 -18"><span class='ocrx_word' id='word_1_201' title='bbox 130 2255 318 2293; x_wconf 70' lang='lat' dir='ltr'><strong>quiores,</strong></span> <span class='ocrx_word' id='word_1_202' title='bbox 340 2246 449 2284; x_wconf 77' lang='lat' dir='ltr'><strong>unde</strong></span> <span class='ocrx_word' id='word_1_203' title='bbox 463 2245 599 2297; x_wconf 78' lang='lat' dir='ltr'><strong>fraus</strong></span> <span class='ocrx_word' id='word_1_204' title='bbox 619 2249 798 2297; x_wconf 79' lang='lat' dir='ltr'><strong>apparet</strong></span> <span class='ocrx_word' id='word_1_205' title='bbox 822 2249 862 2282; x_wconf 79' lang='lat' dir='ltr'><strong>et</strong></span> <span class='ocrx_word' id='word_1_206' title='bbox 876 2247 972 2296; x_wconf 73' lang='lat' dir='ltr'><strong>ipsa</strong></span> <span class='ocrx_word' id='word_1_207' title='bbox 994 2243 1216 2294; x_wconf 65' lang='lat' dir='ltr'><strong>scriptoris·</strong></span> <span class='ocrx_word' id='word_1_208' title='bbox 1228 2254 1312 2279; x_wconf 82' lang='lat' dir='ltr'><strong>ma·</strong></span> 
     </span>
     <span class='ocr_line' id='line_1_32' title="bbox 133 2309 1312 2365; baseline -0.003 -17"><span class='ocrx_word' id='word_1_209' title='bbox 133 2324 213 2349; x_wconf 74' lang='lat' dir='ltr'><strong>nus</strong></span> <span class='ocrx_word' id='word_1_210' title='bbox 238 2323 259 2349; x_wconf 84' lang='lat' dir='ltr'><strong>e</strong></span> <span class='ocrx_word' id='word_1_211' title='bbox 280 2314 478 2363; x_wconf 75' lang='lat' dir='ltr'><strong>genuinis</strong></span> <span class='ocrx_word' id='word_1_212' title='bbox 501 2314 703 2365; x_wconf 74' lang='lat' dir='ltr'><strong>antiquae</strong></span> <span class='ocrx_word' id='word_1_213' title='bbox 720 2312 959 2363; x_wconf 79' lang='lat' dir='ltr'><strong>scripturae</strong></span> <span class='ocrx_word' id='word_1_214' title='bbox 980 2309 1173 2362; x_wconf 78' lang='lat' dir='ltr'><strong>reliquiis</strong></span> <span class='ocrx_word' id='word_1_215' title='bbox 1196 2313 1312 2347; x_wconf 75' lang='lat' dir='ltr'><strong>certa</strong></span> 
     </span>
    </p>
   </div>
  </div>
 </body>
</html>
