1572 2801
791 179 819 220 4

236 327 428 370 campus:
443 327 728 371 quaecumque
747 313 904 369 ubique
919 319 1123 355 terrarum
1142 319 1301 356 exstant
1322 329 1397 356 an-

239 388 427 445 tiquioris
443 388 529 430 aevi
544 392 585 429 et
602 387 863 430 humanitatis
890 393 1175 440 monumenta,
1202 387 1286 430 sive
1308 386 1396 430 lite-

238 462 293 502 ris
333 467 516 515 exarata,
544 462 781 517 scriptores,
813 461 1116 517 inscriptiones,
1148 460 1284 513 numi,
1313 461 1398 501 sive

237 535 448 589 illiterata,
476 534 619 591 quales
648 540 754 577 sunt-
774 535 924 576 artium
956 533 1153 590 reliquiae
1190 532 1393 589 picturae,

237 608 496 665 sculpturae,
534 608 829 650 architecturae
865 613 906 649 et
935 606 1152 658 similium,
1184 621 1230 648 ea
1261 606 1397 648 omnia

237 682 460 739 philologis
487 680 698 722 tractanda
722 686 764 723 et
788 680 1038 737 exploranda
1066 686 1163 722 sunt
1191 684 1240 721 ut
1268 694 1318 722 ex
1347 680 1398 721 iis

237 755 503 810 antiquorum
531 752 783 809 populorum
810 752 1040 807 historiam,
1077 753 1226 807 vitam,
1264 758 1395 808 artes,

236 828 375 869 literas
405 827 459 867 ita
488 830 759 882 cognoscant,
800 830 848 867 ut
878 839 962 882 quo
994 830 1115 883 pacto
1147 830 1285 867 nostra
1318 825 1400 867 hu-

234 900 407 940 manitas
454 898 549 940 inde
580 903 669 940 orta
703 900 774 952 sit,
820 898 922 954 quid
950 898 1031 939 illis
1061 903 1276 955 acceptum
1304 898 1403 940 refie-

235 978 370 1026 ratur,
393 971 494 1029 quid
506 986 587 1027 qua
608 971 660 1013 de
679 985 801 1013 causa
818 971 981 1014 differat
998 970 1211 1014 ostendere
1225 971 1396 1029 possint.

233 1045 279 1086 In
300 1045 413 1086 hunc
439 1045 566 1100 igitur
592 1058 785 1101 campum
812 1044 967 1085 involat
992 1043 1175 1099 undique
1196 1043 1399 1100 quilibet,

232 1132 403 1176 carpens
435 1116 512 1160 sibi
546 1124 706 1175 partem
733 1131 1045 1174 quamcunque,
1077 1118 1120 1159 in
1154 1132 1238 1174 qua
1271 1117 1399 1160 illus-

234 1191 379 1233 tranda
410 1191 736 1247 explicandaque
761 1205 908 1247 operae
940 1192 1118 1248 pretium
1150 1191 1226 1233 sibi
1256 1192 1396 1234 factu-

230 1279 302 1307 rus
346 1264 545 1306 videatur.
608 1264 895 1306 Mirandumne
941 1269 1002 1307 est
1052 1265 1194 1322 plures
1236 1278 1398 1321 semper

231 1339 285 1380 ab
312 1338 543 1381 eruditione
578 1338 641 1380 vel
679 1338 831 1380 iudicio
865 1352 949 1380 non
982 1340 1078 1380 satis
1106 1343 1269 1395 paratos
1299 1337 1398 1379 dare

231 1426 317 1455 sese
354 1410 527 1453 ridicule
553 1415 595 1453 et
620 1411 678 1453 rei
710 1410 943 1467 praeclarae
969 1410 1103 1453 labem
1134 1411 1390 1469 adspergere.

230 1485 430 1528 Odiosum
461 1490 522 1526 est
557 1499 632 1526 nec
664 1485 844 1526 multum
880 1484 1073 1541 prodesse
1102 1485 1202 1526 mihi
1234 1484 1396 1527 videtur

232 1560 386 1602 alienos
429 1571 590 1600 errores
630 1557 682 1600 de
726 1557 927 1599 industria
968 1557 1153 1614 proferre
1186 1563 1228 1600 ct
1261 1572 1398 1602 severe

232 1631 463 1687 acerbeque
487 1636 649 1685 notare,
677 1646 807 1687 quum
831 1632 950 1673 liceat
973 1631 1139 1673 meliora
1162 1633 1278 1688 sequi
1303 1630 1396 1676 suo·

232 1719 313 1760 que
355 1703 544 1759 exemplo
585 1704 688 1760 quid
737 1710 894 1746 rectum
943 1704 1130 1746 videatur
1172 1706 1396 1750 ostendere.

231 1777 376 1833 Itaque
402 1791 515 1818 nunc
545 1776 595 1818 ad
624 1777 828 1819 docendas
856 1778 993 1819 literas
1019 1777 1247 1819 lllustrium
1273 1779 1397 1822 huius

235 1850 478 1892 Academiae
506 1850 758 1893 Curatorum
789 1851 993 1907 suffragiis
1016 1856 1056 1893 et
1084 1852 1247 1907 augusti
1276 1852 1397 1909 Regis

237 1924 403 1966 decreto
442 1924 529 1979 ipse
565 1929 734 1965 vocatus
772 1923 1004 1965 studiorum
1044 1937 1232 1965 meorum
1268 1925 1397 1968 veluti

239 1997 417 2039 rationes
448 1995 645 2052 quasdam
682 1996 782 2037 mihi
818 1996 1045 2038 reddendas
1079 2010 1167 2039 esse
1197 1996 1397 2054 arbitror,

237 2074 352 2110 ratus
382 2068 555 2111 maiores
583 2074 745 2110 nostros
770 2069 1012 2124 instituisse,
1046 2074 1093 2110 ut
1131 2069 1184 2122 is,
1222 2070 1290 2112 cui
1324 2070 1401 2113 do-

241 2143 360 2186 cendi
406 2143 658 2200 provinciam
697 2142 1031 2197 demandassent,
1077 2144 1118 2185 in
1164 2144 1402 2200 auspicandi

242 2217 423 2259 muneris
481 2216 737 2259 solemnitate
796 2217 1019 2259 orationem
1085 2215 1256 2259 haberet
1318 2231 1403 2261 non

243 2290 347 2334 adeo
375 2297 423 2333 ut
457 2291 714 2335 reconditum
753 2290 921 2347 aliquod
948 2295 1242 2347 >argumentum
1283 2289 1404 2334 docte
