1572 2801
749 179 806 224 78

178 297 344 348 Ἃπόλλω
372 307 433 348 καὶ
453 308 528 348 τὸν
559 310 676 364 ἔρωτα
703 330 758 339 —-
783 310 1078 365 ἐπαγγείλασθαι
1106 316 1167 358 τὸν
1196 318 1363 362 Ἀπόλλω

176 396 229 405 -
250 377 409 430 πρόνοιαν
445 379 659 418 πεποιῆσθαι
685 377 744 416 τὸν
772 377 953 419 Ἀπόλλω.
997 382 1020 432 §
1046 382 1114 421 91.
1144 385 1229 426 α’λλ’
1258 388 1363 428 αὐτὸν

173 442 280 501 &istc-23
309 442 369 482 τὸν
397 442 578 483 Ἀπόλλω.
624 443 771 482 Verum
797 445 837 483 in
858 446 1042 485 omnibus
1069 448 1129 487 his
1151 452 1251 491 locis
1274 455 1364 493 scri-

171 541 285 587 ptum
313 543 368 574 est
394 537 433 574 in
462 534 561 574 cod.
591 512 738 587 duffii,
777 535 1011 577 adhaerente
1043 540 1240 583 interdum
1267 547 1360 584 ulti-

170 596 259 641 mae
285 602 419 640 literae
444 602 466 641 λ
489 615 534 640 ea
557 602 723 649 lineola,
755 615 861 654 quae
886 606 1069 645 omissum
1096 623 1176 648 esse
1208 612 1361 664 aliquid

166 696 331 734 indicat.
374 696 559 734 Similiter
594 698 655 734 τοῦ
686 671 829 747 ἅπολλ,
867 703 919 749 τῷ
947 677 1069 741 οἶπόλῑλ)
1094 703 1211 741 scribi
1244 706 1355 745 solet.

167 761 316 800 Eodem
346 760 466 800 modo
492 765 600 798 ortus
628 765 684 798 est
721 760 913 801 ridiculus
940 777 1048 805 error
1072 767 1113 805 in
1137 768 1225 807 loco
1253 771 1357 819 Lon7

162 827 242 879 gini
275 828 317 865 in
351 828 497 867 Walzii
525 828 665 868 Rhett.
700 827 766 868 Gr.
794 829 863 869 lx.
892 847 933 884 p.
959 832 1049 875 583.
1080 839 1170 876 κινεῖ
1186 837 1283 879 ἔλεον
1300 863 1353 868 —-

167 892 326 950 Όμηρος
349 893 406 935 ἐπὶ
435 901 499 941 τῆς
527 894 800 951 Ἀνδρομάχης·

236 962 304 999 καί
324 977 383 1001 κεν
408 962 444 1001 ἐν
471 961 597 1017 Ἀργει
623 959 730 1001 ἐοῦσα
758 961 840 1017 πρὸς
867 962 982 1009 ἄλλης
1011 966 1084 1012 ἱςόν
1110 968 1274 1024 ὑφαίνοις.

163 1027 224 1067 καὶ
255 1030 304 1068 τὰ
331 1029 412 1077 ἑξῆς
443 1035 589 1070 ἅπαντα
617 1030 665 1068 τὰ
701 1028 786 1070 ὑπὸ
822 1033 901 1069 τοῦ
934 1031 1070 1078 ἐκτὸς
1107 1035 1267 1089 εἰρημένα
1294 1036 1351 1077 τὸν

162 1095 260 1135 ἔλεον
290 1097 347 1136 τὸν
373 1102 437 1143 τῆς
462 1095 717 1151 Ἀνδρομάχης
749 1097 849 1135 κινεῖ.
879 1097 1026 1147 optime
1053 1099 1268 1140 Finckhius
1294 1104 1354 1142 vir

159 1165 368 1215 perspicax
396 1164 561 1203 restituit
589 1162 655 1203 ὑπὸ
684 1166 745 1203 τοῦ
776 1161 963 1218 Έκτορος.
995 1165 1063 1204 sed
1092 1167 1193 1218 quid
1227 1168 1349 1208 facias

158 1227 339 1275 librario,
382 1229 453 1281 qui
488 1242 614 1280 quum
649 1229 691 1266 in
720 1241 767 1265 eo
801 1229 893 1266 loco
926 1228 979 1267 ob
1013 1231 1151 1270 oculos
1185 1233 1348 1275 haberet

154 1296 389 1346 scripturam
415 1296 537 1342 hanc,
564 1305 670 1346 quae
691 1296 732 1332 in
752 1295 904 1345 optimo
927 1295 1026 1333 Cod.
1052 1297 1180 1349 Regio
1203 1305 1346 1346 exstat,

153 1371 222 1411 ὑπὸ
248 1377 310 1412 τοῦ
346 1364 406 1415 ἕκῗ
434 1376 606 1427 potuerit
634 1373 734 1420 ἐκτός
762 1375 945 1414 scribere.
989 1375 1094 1414 Nihil
1118 1383 1248 1416 autem
1272 1380 1346 1417 mi-

151 1440 320 1478 randum
347 1442 387 1479 in
421 1442 487 1486 iis,
518 1443 588 1493 qui
617 1448 832 1493 potuerunt
866 1442 964 1479 serio
997 1442 1168 1480 scribere
1196 1443 1238 1480 in
1264 1444 1344 1481 Me-

151 1506 307 1544 nandro
338 1508 496 1545 rhetore
533 1508 643 1559 apud
675 1508 806 1546 Walz.
835 1507 919 1546 ibid
948 1523 989 1559 p.
1024 1509 1116 1547 251.
1159 1509 1343 1551 Ἀπολλων

152 1571 294 1625 λέγεται
310 1595 365 1603 -
387 1574 552 1615 Πύθωνα
577 1573 637 1613 καὶ
668 1574 886 1629 Τηλεφῶντα
912 1574 1086 1630 ἀδελφοὺς
1112 1579 1242 1616 κτεῖναι
1267 1580 1340 1624 τοῖς

152 1638 306 1692 βέλεσιν.
335 1639 442 1678 unde
475 1640 515 1678 in
552 1639 697 1678 Walzii
733 1639 865 1678 indice
899 1641 1074 1679 occurrit
1113 1641 1337 1695 Telephon,

148 1703 360 1755 Pythonis
405 1705 551 1753 frater
592 1719 632 1755 p.
670 1704 750 1742 655
789 1717 912 1756 ocyus
952 1706 1201 1751 eximendus,
1245 1721 1339 1746 narn

147 1781 240 1808 vera
264 1770 381 1807 lectio
405 1782 427 1807 e
454 1769 594 1807 codice
618 1770 746 1820 Regio
768 1770 864 1808 mihi
887 1777 1042 1822 reperta
1070 1778 1144 1810 est:
1174 1773 1338 1813 Πύθωνα

149 1835 384 1889 κατειληφότα
410 1836 581 1890 Δελφούς.
621 1834 827 1873 Contrario
850 1849 982 1874 errore
1004 1851 1045 1888 p.
1068 1837 1150 1876 250
1174 1839 1336 1891 legitur:

149 1902 227 1955 ἰδίᾳ
249 1903 384 1960 Δελφοῖ
397 1901 539 1953 βαδίζει
560 1902 734 1941 Μουσῶνε
767 1902 873 1939 unde
887 1915 1020 1948 nemo,
1047 1916 1178 1954 spero.
1207 1905 1344 1961 Δελφοῖ

149 1970 285 2007 credet
313 1982 393 2007 esse
422 1969 629 2007 Graecum.
673 1968 826 2006 Codext
866 1969 942 2020 ἰδίᾳ
975 1968 1017 2008 δὲ
1047 1969 1209 2025 φοιβάζει
1231 1972 1335 2011 Μου-

142 2039 230 2074 σῶν.
274 2035 384 2073 Idem
412 2034 549 2073 rhetor
574 2034 743 2085 patriam
775 2034 977 2073 celebrans
1003 2035 1138 2073 scribit
1172 2050 1215 2088 p.
1239 2036 1334 2075 313.

151 2101 203 2144 τίς
228 2100 303 2156 γὰρ
323 2099 474 2157 Ἰβηρίσι
506 2100 730 2156 παρατυχὼν
754 2099 908 2154 ἦνπαρὰ
933 2100 1180 2158 Λωτοφάγους
1208 2103 1331 2158 α’φικό-

147 2167 248 2220 μενος
279 2166 342 2206 οὐκ
374 2167 418 2205 ἂν
449 2166 544 2220 ὑμᾶς
570 2171 838 2224 προτιμήσειενς
872 2167 998 2206 codex
1028 2168 1082 2206 nit
1111 2166 1204 2206 boni
1229 2175 1334 2208 attu-

146 2233 203 2272 lit.
247 2233 325 2271 Sed
352 2232 453 2284 quid
487 2233 693 2272 codicibus
719 2246 821 2285 opus
848 2240 924 2279 est,
965 2240 1008 2271 ut
1035 2233 1282 2273 restituamus
1307 2236 1330 2279 ἢ

146 2298 289 2354 Σὲιρῆσι
331 2299 562 2353 περιτυχώνῖ)
607 2298 840 2337 Huiusmodi
879 2304 1010 2338 tamen
1051 2299 1331 2341 homunciones
