1572 2801
718 187 805 231 124

183 317 212 359 ὦ
245 319 424 360 Ἄπολλον
456 325 494 366 et
530 331 641 358 mox:
680 321 888 376 καλὸς-γὰρ
924 321 1001 360 καὶ
1035 323 1237 369 σύ-,ὡς
1275 324 1369 363 κᾶν»

181 391 330 442 νήφοντα
356 388 407 427 ἔτι
435 386 488 426 σοὶ
520 386 577 427 τὸν
607 382 1035 443 Πρίαπον-ἐπιχειρῆσαι.
1074 386 1251 427 Plurima
1284 390 1362 427 alia

184 454 278 490 alias
303 453 468 489 daturus
488 465 594 498 sum,
625 466 733 490 nunc
755 454 999 505 paucissima·
1014 465 1061 491 ex
1085 454 1245 504 reliquis
1266 454 1363 491 deli-

182 517 301 555 babo.
354 517 632 555 Foedissimum
666 518 839 555 omnium
872 523 926 556 est
961 518 1002 556 in
1040 518 1200 557 Timone
1237 518 1257 571 §
1296 518 1365 557 462

183 582 237 621 ιὀὺ
256 582 310 621 ἰοὺ
335 583 608 637 προσκαλοῦμαί
626 597 666 621 σε
694 583 893 637 τραύματος
919 584 964 628 εἷς
990 583 1129 639 Ἀρειον
1156 587 1289 637 πάγον.
1310 606 1363 612 --

186 647 246 686 καὶ
274 649 411 701 μὴν-ἅν
435 664 475 703 γε
498 649 617 705 μικρὸν
645 648 878 705 ἐπιβραδύνῃς
905 652 1004 705 φόνου
1033 653 1138 703 τάχα
1170 666 1197 691 π
1206 665 1315 707 ρ-οσκ
1326 666 1363 690 ef·

188 713 338 767 κλήσῃ
376 729 444 765 με.
475 715 587 766 quod
613 728 695 753 non
720 717 986 767 minus—turpe
1008 721 1065 753 est
1087 729 1210 766 quam
1235 717 1265 754 si
1294 718 1369 754 La-

186 780 267 817 tine
293 780 421 817 dicas:
461 785 506 818 tu
538 794 601 819 me
625 794 718 819 mox
744 781 892 820 caedis*
909 781 1183 819 accusaberis.
1211 782 1277 820 ‘Et
1309 788 1369 820 ta-

186 858 277 883 men
311 846 550 884 Iaeobitzius
585 860 677 884 cum
714 848 917 885 Dindorfio
950 848 1135 885 codicum
1165 847 1373 884 lectionem

191 910 475 967 προκεκλήσομαι
502 911 701 949 habebant
730 918 819 949 ante
846 912 1003 948 oculos:
1034 916 1236 962 praeterea
1263 912 1368 963 lege:

192 980 242 1015 ἔτι
260 976 456 1032 βραδύνῃς.
487 978 535 1015 In
557 978 717 1014 Somnio
738 991 767 1014 s.
792 977 918 1014 Gallo.
949 976 1049 1028 §204
1074 980 1158 1015 ὅταν
1178 977 1196 1015 ὁ
1218 978 1373 1031 Κροῖσος

193 1036 464 1098 περιτετιλμένος
497 1044 545 1083 τὰ
581 1044 696 1100 πτερὰ
732 1042 872 1097 γέλωτα
909 1044 1051 1099 παρέχῃ
1085 1044 1246 1098 Πέρσαις
1281 1044 1371 1082 οἰνοιἃ
1411 1046 1418 1055 “

193 1108 325 1159 βαίνων
345 1107 402 1146 ἐπὶ
430 1110 469 1149 τὸ
497 1114 567 1165 πῦρ
594 1112 617 1152 ἢ
650 1111 826 1155 Διονύσιος
851 1110 1056 1155 καταδύσης
1087 1116 1147 1156 τῆς
1174 1109 1374 1165 τυραννίδος

194 1173 230 1213 ἐν
247 1174 416 1229 Κορίνθῳ
438 1177 701 1228 γραμματις-ὴς·
714 1173 906 1225 βλέπηται.
946 1175 1100 1213 Novum
1121 1182 1176 1213 est
1199 1181 1236 1212 et
1260 1176 1374 1212 inau-

195 1241 322 1278 ditum
351 1240 461 1290 apud
497 1240 686 1279 Graecos:
715 1243 737 1283 ἡ
761 1240 921 1296 τυραννὶς
947 1239 1108 1292 κατέδυ,
1139 1253 1269 1292 neque
1296 1241 1374 1279 Lu-

195 1306 332 1344 cianus
357 1300 540 1343 inusitata
575 1311 612 1343 et
639 1307 736 1343 mira
774 1312 952 1344 venatur.
993 1306 1041 1343 In
1075 1317 1117 1343 re
1144 1306 1379 1357 frequentis-

197 1373 292 1411 sima
313 1372 519 1424 proprium
539 1379 594 1411 est
616 1385 663 1411 ae
681 1379 936 1424 perpetuum:
960 1374 982 1414 ἡ
999 1371 1157 1426 τυραννὶς
1175 1372 1375 1414 κατελύθη.

199 1438 345 1476 adhibe
370 1451 478 1479 nunc
500 1439 710 1477 lectionem
733 1440 957 1490 antiquam:
987 1438 1207 1483 καταλυθεὶς
1231 1444 1292 1483 τῆς
1314 1453 1377 1477 τυ-

197 1503 354 1561 ραννίδος
383 1516 431 1543 ac
459 1505 569 1543 nullo
594 1506 752 1557 negotio
781 1505 957 1543 Luciano
985 1505 1124 1543 reddes
1148 1518 1279 1542 suum:
1309 1521 1377 1544 κα-

199 1572 430 1615 ταλυθείσης.
473 1568 812 1607 Praeter-viderunt
838 1570 930 1606 olim
957 1569 998 1606 in
1024 1568 1246 1608 καταλυθείσ
1271 1581 1380 1606 com-

198 1637 454 1692 pendiolum‚
483 1649 566 1689 quo
592 1635 741 1688 syllaba
768 1651 808 1682 ης
831 1634 1095 1689 significatur,
1136 1633 1278 1674 deinde
1312 1649 1380 1674 κα-

200 1703 498 1743 ταλυθείσ·81)ἱίῑ
526 1704 567 1740 in
601 1700 844 1752 καταδυένείς,
887 1701 991 1738 unde
1030 1701 1247 1737 criticaster
1278 1700 1382 1738 istud

192 1769 411 1815 ’καταδύσης
446 1768 608 1807 effinxit.
651 1767 800 1821 Nempe
834 1767 889 1805 sic
923 1766 1165 1819 potissimum
1199 1771 1293 1804 nata
1325 1772 1381 1805 est

202 1838 274 1875 ista
301 1837 457 1887 farrago
484 1827 718 1874 variantium
743 1834 1049 1884 scripturarum,
1078 1844 1201 1883 quam
1226 1832 1384 1870 fortasse

202 1902 314 1940 nimis
345 1901 415 1938 diu
450 1900 587 1952 aequis
619 1899 756 1937 animis
792 1898 971 1944 tulimus,
1007 1909 1160 1950 semper
1188 1904 1387 1948 sperantes

207 1967 359 2018 aliquid
378 1966 478 2005 boni
517 1978 564 2003 ex
594 1964 654 2002 his
681 1963 860 2001 sordibus
888 1969 926 2001 et
952 1962 1174 2014 quisquiliis
1204 1964 1386 2002 extricari

204 2027 346 2086 posse.⁴
377 2030 570 2083 Equidem
607 2030 663 2068 sic
699 2042 861 2068 censeo:
889 2041 982 2067 nam
1016 2026 1114 2066 nihil
1151 2034 1256 2067 vetat
1290 2029 1389 2081 quid

208 2099 372 2138 sentiam
392 2097 512 2143 libere
532 2097 682 2135 dicere:
711 2096 753 2134 in
774 2094 979 2133 codicibus
1002 2093 1174 2146 antiquis
1193 2106 1241 2131 ac
1259 2093 1388 2133 bonae

209 2158 326 2201 notae
356 2162 468 2200 nihil
491 2174 569 2199 esse
593 2167 661 2199 aut
686 2160 808 2199 videri
836 2172 949 2212 posse
978 2166 1057 2197 tam
1083 2165 1200 2197 tenue
1227 2171 1274 2197 ao
1304 2161 1388 2199 leve

210 2230 322 2283 quod
346 2230 427 2268 sine
453 2227 632 2280 periculo
656 2232 724 2264 aut
748 2225 892 2265 damno
915 2226 1059 2279 negligi
1086 2225 1284 2278 abiicique
1303 2240 1390 2279 pos—

196 2296 279 2336 ,εἰει
310 2300 447 2335 contra
473 2294 515 2335 in
541 2292 824 2333 recentioribus
857 2292 1097 2346 apographis
1129 2305 1265 2332 eorum
1299 2294 1392 2346 qui-
