1572 2801
742 172 801 216 76

174 313 259 347 tum
283 307 442 352 τουτέςιν
466 306 505 344 αἱ
531 304 675 344 obclau-
703 304 751 344 In
778 305 801 356 §
827 305 917 344 113.
952 305 1207 360 Kiesslingius
1236 319 1259 346 e
1289 319 1360 346 suo

175 372 314 411 codice
345 372 663 424 supplementum
690 369 839 415 attulit,
879 370 920 407 in
947 382 1031 421 quo
1063 371 1225 424 legitur:
1264 389 1360 431 περι-

176 458 345 498 παυτικόν
378 471 410 495 τι
446 455 553 509 με’λος
581 454 639 494 καὶ
668 452 944 498 καταςαλτικόν.
985 452 1140 494 Codex:
1172 444 1362 497 ἧπαντικόν

176 527 204 562 i.
230 537 265 562 e.
295 524 518 562 πεπαντικόν.
565 521 611 558 In
641 521 663 570 §
687 520 779 560 247.
810 522 886 559 ἔνιοι
911 518 955 559 δὲ
977 519 1034 560 τὸν
1055 521 1133 576 περὶ
1154 529 1216 568 τῆς
1237 525 1365 577 &Myon

177 590 238 630 καὶ
280 595 342 634 τῆς
355 587 629 670 Γάσυμμετρίας
673 584 854 632 ἐξειπόντα
898 590 999 627 τοῦτο
1045 589 1178 628 παθεῖν
1222 589 1359 640 ἔλεξαν.

177 660 275 698 cod.
306 640 387 698 ἀλο
413 660 438 695 i.
464 670 500 693 e.
527 655 691 707 ἀλογιᾞας
738 655 859 692 Multo
888 657 1042 708 turpius
1061 663 1116 695 est
1140 659 1251 710 quod
1277 660 1367 713 legi-

179 734 244 765 tur
280 725 299 778 §
324 723 415 763 258.
443 722 571 775 ἐπῆγεν
603 724 716 776 ἕτερος
751 723 1043 776 προσποιούμενος
1075 724 1138 776 μὲν
1162 723 1368 771 ἐξητακέναι

180 794 228 832 τὰ
254 796 324 831 τῶν
350 789 608 845 Πυθαγορείων
641 788 855 842 ἀπόρρητα,
891 789 1206 845 περιπλακεὶς
1231 789 1274 831 δὲ
1307 790 1367 831 καιΙ

178 858 368 915 γεγραφὼς
390 855 428 902 ἐξ
454 854 502 895 ὧν
523 854 647 908 μέλις*
676 853 801 899 αὐτοὺς
822 855 951 907 ἤμελλε
976 855 1199 908 διαβάλλειν.
1239 858 1368 907 Quam

179 927 226 964 sit
266 923 478 962 absurdum
514 920 618 957 istud
656 918 880 971 περιπλακείς
914 921 1033 957 miror
1075 934 1125 958 ne
1158 922 1369 961 Kusterum

181 1007 342 1061 quidem
369 1005 539 1043 sensisse.
584 1002 784 1052 Scriptum
810 1008 865 1039 est
888 1003 928 1039 in
956 1002 1095 1040 codice
1123 989 1250 1043 ῧπλακ
1277 1018 1382 1043 cum·

181 1071 418 1124 compendio
461 1068 635 1120 syllabae
674 1069 748 1118 ὡς,
792 1068 909 1118 igitur
950 1067 1139 1114 πεπλακώς
1178 1071 1368 1121 scriptum

182 1146 251 1179 est.
295 1137 374 1176 Sed
394 1137 586 1186 arripiunt
609 1133 755 1171 librarii
780 1139 944 1179 temere,
976 1134 1177 1185 quidquid
1198 1138 1369 1187 primum

181 1206 287 1245 venit
313 1206 353 1242 in
386 1206 579 1245 mentem,
612 1205 654 1235 ut
681 1199 721 1236 in
750 1198 773 1248 §
801 1197 883 1235 264
909 1211 1035 1249 quum
1059 1198 1112 1236 ob
1135 1201 1273 1238 oculos
1298 1201 1370 1240 ha-

182 1290 338 1328 berent:
369 1284 536 1338 γενέσθαι
558 1280 641 1337 φασὶ
665 1281 798 1322 ταύτην
826 1282 890 1322 τὴν
917 1268 943 1318 ᾗ
971 1281 1067 1319 κατὰ
1094 1286 1217 1335 τοῦτο,
1245 1298 1370 1335 quum

182 1355 377 1394 nescirent
403 1349 594 1405 παροιμίαν
620 1351 672 1384 ita
701 1347 842 1392 scribi,
871 1347 952 1384 sine
972 1359 1081 1384 mora
1104 1348 1154 1386 de
1178 1362 1247 1387 suo
1274 1350 1372 1389 πόλιν

183 1421 392 1460 dederunt.
429 1417 474 1454 In
501 1418 522 1467 §
548 1414 614 1453 46.
644 1413 910 1466 ὑπολαμβάνειν
933 1413 1058 1458 αὐτοὺς
1078 1417 1141 1469 ἔφη
1163 1414 1237 1454 δεῖν
1258 1418 1371 1458 κοινὴν

186 1484 489 1540 παρακαταθήκην
514 1484 616 1533 ἔχειν·
633 1494 695 1521 την
718 1479 880 1533 πατρίδα
906 1480 1006 1534 παρὰ
1037 1484 1099 1519 τοῦ
1119 1480 1279 1527 πλήθους
1301 1487 1371 1522 τῶν

188 1552 352 1594 πολιτῶν.
385 1547 460 1587 δεῖν
489 1542 545 1585 οὖν
573 1546 702 1590 ταύτην
728 1544 870 1585 διοικεῖν
900 1547 1009 1590 οὕτως
1034 1546 1081 1590 ὡς
1116 1546 1279 1599 μέλλουσι
1307 1550 1371 1591 τὴν

187 1621 284 1665 πίς-ιν
309 1613 555 1671 παραδόσιμον
589 1614 660 1656 τοῖς
689 1610 729 1657 ἐξ
760 1611 878 1650 αὐτῶν
907 1613 1027 1651 ποιεῖν.
1081 1611 1207 1651 Grave
1237 1614 1374 1656 vitium

186 1715 281 1753 latet
312 1711 353 1749 in
382 1707 539 1746 ultimis.
581 1704 714 1744 Codex
751 1706 798 1751 ὡς
831 1680 941 1759 μέλλοιυ
968 1705 1080 1757 quod
1107 1718 1153 1743 ex
1179 1710 1374 1747 constanti

185 1792 259 1817 usu
287 1776 449 1828 ponitur
475 1773 515 1810 in
541 1771 777 1822 participiis,
811 1772 915 1810 unde
951 1777 1117 1824 apparet
1148 1785 1230 1811 non
1262 1775 1375 1813 aliter

186 1857 310 1897 quam
344 1839 540 1894 μέλλουσαν
575 1838 721 1889 expleri
751 1850 879 1889 posse.
922 1838 1023 1877 Vide
1059 1838 1160 1888 quid
1192 1839 1233 1876 in
1271 1839 1291 1891 §
1322 1840 1375 1879 50

188 1907 496 1961 designaverint:
527 1908 601 1948 ὥςε
635 1906 699 1946 τὴν
727 1908 834 1959 χάριν
865 1910 927 1950 τῆς
962 1904 1238 1951 ἀποδόσεως
1273 1906 1371 1963 εὐερ-

190 1976 311 2031 γεσίας
347 1975 529 2029 προσήκειν
559 1970 679 2016 αὐτοῖς
713 1972 775 2026 ἔφη
792 1970 957 2063 Θ”’δικαιως
986 1970 1193 2024 οἰκονομεῖν.
1241 1971 1374 2020 Quum

190 2042 376 2108 expedire
402 2064 483 2089 non
509 2057 666 2103 possent
692 2025 831 2102 αποδο,
855 2056 998 2087 temere
1025 2050 1300 2102 expleverunt.
1335 2057 1374 2088 at

189 2145 283 2173 vero
310 2132 420 2169 nulla
447 2137 503 2168 est
529 2132 641 2182 optio
665 2131 702 2168 in
727 2130 786 2168 his
815 2136 881 2167 aut
913 2129 1129 2167 dubitatio:
1159 2102 1279 2166 ἀποδὲ
1305 2128 1378 2165 hoc

191 2200 278 2239 loco
298 2205 356 2237 est
377 2195 632 2249 ἀποδοθείσης,
662 2196 773 2249 quod
795 2197 921 2235 solum
943 2209 989 2234 ex
1015 2193 1196 2233 omnibus
1222 2194 1372 2240 formis,

191 2279 297 2319 quae
324 2265 376 2304 ab
411 2264 549 2304 ἀποδοθ
581 2264 800 2315 incipiunt,
837 2263 930 2301 huic
958 2264 1047 2300 loco
1083 2275 1130 2300 ac
1166 2261 1377 2300 sententiae
