1572 2801
745 222 800 263 55

149 392 158 399 .
191 360 322 402 Tuam
355 357 453 399 mihi
496 357 737 409 amicitiam,
781 355 1032 407 doctrinam,
1067 353 1351 411 prudentiam,

192 431 483 473 humanitatem
518 429 594 471 erit
624 426 948 483 confugiendum
989 433 1035 468 ut
1072 428 1151 468 vita
1184 426 1283 467 mihi
1314 434 1356 468 et

150 500 156 503 ’
191 502 323 545 studia
360 501 411 543 ad
450 502 588 543 Tuum
626 499 862 556 exemplum
893 504 1196 556 componantur
1227 506 1268 541 et
1297 500 1353 541 ita

186 576 352 617 demum
393 573 611 629 profecisse
647 586 711 612 me
747 571 972 626 intelligam
1006 585 1090 626 quo
1125 572 1252 625 magis
1285 586 1350 612 me

186 646 278 687 Tibi
317 650 358 686 et
396 641 618 698 probatum
650 647 691 683 et
727 647 942 697 acceptum
972 648 1015 684 et
1050 642 1223 683 similem
1258 656 1350 684 sen-

188 718 285 757 ti‘am
311 714 412 754 fieri.

247 786 422 838 Tecum,
443 786 788 841 praestantissime
809 786 1066 840 PEERLRAMP,
1092 787 1164 842 qui
1191 801 1239 828 ex
1263 800 1349 843 quo

186 858 421 900 adolescens
449 856 502 897 al)
535 870 605 897 ore
639 857 731 897 Tuo
763 857 1016 912 pendebam,
1056 859 1154 898 mihi
1192 861 1346 913 optime

185 930 289 973 velle
316 928 533 984 studiaque
563 943 650 970 mea
675 928 892 971 incendere
917 934 958 972 et
989 930 1181 972 adiuvare
1216 945 1348 971 num·—

183 1016 309 1057 quam
342 1000 505 1041 desiisti.
566 999 673 1041 Bene
707 1014 771 1041 me
804 1002 909 1041 nosti
951 1003 1218 1056 animumque
1249 1017 1346 1057 erga

181 1075 239 1117 Te
268 1087 404 1115 meum
433 1077 474 1114 et
496 1071 614 1113 facile
648 1071 789 1114 credes
815 1072 987 1113 candide
1012 1080 1232 1129 sancteque
1256 1074 1345 1129 pol-

180 1148 339 1199 licenti,
369 1145 535 1200 qualem
567 1144 665 1186 olim
691 1144 943 1200 discipulum
975 1144 1167 1186 habueris
1185 1177 1195 1197 ,
1224 1146 1349 1187 talem

179 1234 244 1261 me
273 1232 399 1260 nunc<
417 1215 509 1257 Tibi
541 1215 627 1257 fore
654 1215 871 1271 collegam.

237 1293 413 1344 Tecum,
435 1290 641 1331 carissime
666 1289 794 1341 GEEL,
817 1289 891 1344 qui
913 1305 979 1332 me
1002 1296 1049 1331 ut
1071 1296 1187 1347 pater
1211 1291 1345 1333 filium

179 1378 339 1420 semper
366 1362 618 1404 carissimum
645 1360 842 1402 habuisti:
872 1366 913 1401 et
938 1367 1045 1403 recte
1071 1361 1218 1404 fecisti:
1249 1379 1345 1405 nam

176 1438 290 1479 hunc
319 1450 395 1491 ego
422 1449 602 1476 amorem
632 1434 769 1476 Tuum
788 1449 964 1488 mereor,
986 1436 1059 1490 qui
1086 1436 1162 1489 Te,
1194 1443 1241 1478 ut
1269 1453 1343 1493 pa-

179 1516 283 1550 trem
313 1507 448 1559 filius,
484 1505 612 1561 diligo
643 1510 684 1547 et
726 1519 916 1559 veneror,
964 1506 1149 1563 dumque
1189 1509 1341 1562 vivam,

176 1583 343 1635 diligam
375 1584 416 1619 et
457 1576 693 1618 venerabor.
736 1578 972 1632 Numquam
1002 1593 1051 1619 cx
1085 1581 1220 1621 animo
1253 1596 1341 1622 meo

175 1651 383 1695 delebitur
422 1648 657 1689 suavissima
699 1647 867 1689 illorum
907 1654 1141 1705 temporum
1181 1666 1343 1694 memo-

175 1727 232 1766 ria
268 1735 400 1778 quum
444 1720 541 1759 artis
572 1720 733 1760 criticae
773 1720 966 1761 iuvenilia
996 1722 1198 1776 quaedam
1231 1725 1342 1778 peri-

171 1796 265 1839 cula
292 1792 344 1835 ad
367 1791 424 1833 Te
441 1789 616 1832 iudicem
640 1789 847 1844 afferrem,
880 1805 1010 1846 quum
1030 1792 1094 1834 Tu
1121 1794 1340 1851 trepidanti

169 1869 326 1911 animos
358 1863 546 1915 adderes,
579 1861 837 1904 dubitantem
879 1863 1164 1919 confirmares,
1198 1882 1340 1908 erran·

170 1947 252 1983 tem
273 1937 419 1980 leniter
441 1939 483 1977 et
509 1933 659 1988 facete,
693 1941 740 1975 ut
769 1934 896 1989 soles,
934 1935 1172 1980 admoneres
1199 1953 1247 1981 ac
1274 1955 1339 1982 re-

174 2013 364 2054 traheres.
403 2008 492 2049 Hoc
525 2014 634 2061 tum,
666 2006 796 2063 probe
825 2009 1009 2062 memini,
1044 2010 1338 2059 συμφιλολογεῒν

170 2084 379 2144 appellare
424 2080 595 2123 solebas.
651 2079 865 2122 Carentem
905 2080 1036 2138 patria
1072 2097 1119 2124 ac
1165 2083 1337 2126 subinde

168 2173 192 2199 e
236 2156 434 2198 desiderio
474 2155 597 2195 animi
629 2153 876 2210 pendentem
923 2154 982 2195 nil
1027 2156 1246 2197 iucundius
1295 2164 1337 2198 et

169 2229 376 2272 efficacius
400 2226 608 2271 reficiebat
622 2233 663 2269 et
678 2226 913 2282 recreabat,
945 2243 1070 2284 quam
1099 2228 1208 2271 Tuae
1233 2230 1336 2287 epis·

170 2301 279 2344 telae
310 2301 470 2358 lepidae
498 2301 594 2343 illae
622 2305 664 2342 ct
698 2299 845 2341 hilares
880 2305 921 2341 ct
950 2300 1093 2341 doctae
1126 2301 1336 2355 prudenti-

1099 2386 1125 2414 ο
