1572 2801
771 219 824 262 81

190 350 351 390 prorsus
376 340 584 390 perierint,
620 345 658 377 et
696 344 828 377 actum
863 339 912 378 de
949 340 1018 378 illo
1049 341 1140 381 loco
1175 339 1309 379 fuisset
1341 340 1371 378 si

188 403 522 453 quemadmodum
566 406 606 443 in
648 410 705 442 tot
746 405 853 449 aliis,
894 406 1156 448 recentiorum
1198 418 1370 458 apogra-

188 467 360 520 phorum
403 470 482 510 fide
529 477 567 510 et
613 471 847 509 auctoritate
888 471 1069 509 standum
1117 478 1225 511 esset.
1283 470 1367 509 Gli-

184 540 355 573 suentem
392 537 519 575 labem
549 547 755 588 'possumus
788 537 914 574 oculis
949 537 1152 576 subiicere.
1202 538 1367 576 Codices

185 607 223 640 et
250 602 439 640 editiones
467 601 567 640 haec
592 599 806 639 dederunt:

346 668 385 706 τί
407 666 503 710 δῆτα
529 663 601 707 οὖσι
627 667 691 707 δεῖ
712 682 753 707 σε
781 668 1054 721 κατθανούμενον

346 733 386 772 τί
406 732 487 775 δῆτ’
516 728 588 772 οὖσι
615 731 678 772 δεῖ
701 746 742 771 σε
771 732 1044 787 κατθανούμενον

347 799 387 836 τί
407 798 504 840 δῆτα
531 794 607 837 οὖσι
634 798 697 837 δεῖ
717 812 758 836 σε
784 798 969 837 κατθανεῖν

345 863 382 903 τι’
405 863 502 905 δῆτα
529 862 568 902 οὐ
596 861 657 901 δεῖ
680 877 721 902 σε
748 862 933 901 κατθανεῖν

347 931 386 970 τί
408 929 505 971 δῆτα
531 928 595 968 δεῖ
616 943 656 967 σε
685 928 867 967 κατθανεῖν

343 996 383 1033 τί
404 992 501 1036 δῆτα
527 989 602 1032 οὖσι
629 991 691 1031 δεῖ
712 1006 753 1030 σε
779 980 924 1043 κάμνειν
950 992 1227 1045 κατθανούμενον

340 1063 379 1102 τί
399 1059 497 1104 δῆτα
524 1059 586 1100 δεῖ
609 1074 650 1098 σε
678 1061 821 1111 κάμνειν
849 1058 1122 1112 κατθανούμενον

342 1128 382 1166 τί
403 1127 500 1170 δῆτα
529 1125 589 1165 δεῖ
612 1140 653 1164 σε
680 1127 825 1176 κάμνειν
852 1126 1047 1164 κατθανεῖν.

177 1193 298 1231 Fraus
322 1206 451 1239 nunc,
483 1192 595 1243 quod
619 1190 822 1235 dicebam,
855 1197 1033 1243 apparet.
1077 1190 1274 1229 Librarius
1296 1190 1362 1228 ali-

176 1259 266 1308 quis
299 1258 394 1295 olim
419 1270 441 1294 e
469 1247 729 1295 ‘vetustissimo
771 1256 871 1293 libro
905 1258 1006 1294 male
1042 1269 1115 1307 pro
1151 1256 1361 1296 ΤΙΔΗΤΑ-

177 1322 497 1365 ΘΥΕΙΝΔΕΙΟΕ
522 1322 629 1360 aliud
654 1335 771 1374 agens
793 1322 901 1360 dedit
922 1323 960 1361 τί
981 1321 1077 1364 δῆτα
1106 1317 1198 1360 οὖσιν
1221 1320 1283 1360 δεῖ
1297 1335 1336 1360 σε
1341 1352 1358 1372 ,

174 1391 282 1442 turpi
307 1403 457 1436 errore,
488 1392 556 1428 sed
581 1391 708 1443 perito
737 1390 892 1427 medico
918 1391 1034 1429 facile
1058 1390 1237 1429 sanabili.
1280 1390 1360 1438 Qui

172 1455 352 1508 proxime
375 1457 498 1494 secuti
523 1461 611 1494 sunt
634 1456 689 1494 nit
716 1457 787 1494 nisi
811 1455 893 1499 δῆτ’
914 1462 952 1494 et
973 1451 1047 1495 οὖσι
1069 1461 1355 1508 peccaverunt,

172 1533 277 1572 quae
302 1533 381 1558 non
410 1527 489 1559 tam
516 1521 617 1559 levia
649 1526 738 1558 sunt
772 1533 819 1558 ac
855 1521 1058 1559 videntur:
1097 1533 1270 1571 namque
1304 1520 1359 1558 sic

173 1587 251 1625 iam
265 1587 432 1625 multum
447 1599 470 1625 a
494 1599 583 1624 vera
608 1587 805 1637 scriptura
832 1586 1112 1632 aberravimus3
1137 1585 1359 1636 supervenit

172 1657 373 1689 corrector
387 1652 545 1702 aliquis,
572 1652 641 1702 qui
656 1664 695 1688 se
710 1657 816 1689 recte
831 1651 1028 1689 facturum
1043 1651 1215 1703 putavit,
1240 1650 1270 1688 si
1284 1650 1357 1688 ista

173 1716 226 1754 ad
248 1717 542 1768 grammaticam
561 1718 756 1754 rationem
777 1717 1040 1755 conformaret
1067 1715 1294 1754 scribendo:
1321 1716 1361 1754 τί

168 1805 222 1812 -
250 1781 313 1821 δεῖ
338 1796 377 1820 σε
411 1782 665 1820 κατθανεῖν
704 1794 776 1832 pro
806 1781 1094 1835 κατθανούμενον.
1137 1781 1265 1818 Aliam
1289 1792 1353 1818 ra-

168 1849 313 1886 tionem
347 1846 432 1884 iniit
467 1848 681 1885 criticaster
712 1847 831 1893 alius,
874 1849 945 1899 qui
977 1848 1131 1900 aliquid
1167 1846 1353 1884 excidisse

168 1921 275 1953 ratus
293 1914 482 1952 audacter
499 1913 548 1951 de
567 1926 635 1951 suo
655 1916 799 1966 κάμνειν
817 1914 977 1952 infersit.
1008 1915 1182 1966 Uterque
1198 1913 1354 1964 reliqui-

168 1993 209 2018 as
229 1981 365 2019 veteris
381 1980 599 2032 scripturae
618 1980 669 2017 ad
691 1993 801 2018 suam
826 1982 1110 2018 correctionem
1135 1990 1354 2017 accommo-

168 2046 293 2091 davit,
318 2045 421 2083 unde
445 2052 562 2084 natae
576 2053 664 2084 sunt
680 2047 754 2085 hae
777 2047 963 2085 lectiones
977 2058 1104 2098 aeque
1119 2050 1347 2096 corruptae:

371 2112 410 2150 τί
430 2110 528 2154 δῆτα
554 2110 615 2150 δεῖ
638 2127 678 2151 σε
705 2112 889 2152 κατθανεῖν

368 2178 407 2218 τί
429 2177 526 2221 δῆτα
552 2176 615 2218 δεῖ
638 2194 679 2219 σε
706 2182 849 2232 κάμνειν
876 2177 1165 2232 κατθανούμενον.

168 2240 340 2292 denique
366 2256 411 2281 ex
440 2250 609 2296 utraque
637 2245 714 2284 hac
742 2246 913 2284 conflata
942 2252 997 2283 est
1025 2256 1129 2296 quae
1164 2242 1347 2291 Wytten-

169 2305 313 2344 bachio
340 2308 511 2359 placuit:

1075 2371 1102 2413 6
