1572 2801
745 186 803 232 97

180 315 291 360 δεινὸν
313 318 359 358 ἂν
385 320 437 367 ε”η
446 352 464 372 ‚
497 330 630 372 neque
655 318 758 358 enim
784 319 865 358 ulla
897 324 954 359 est
981 319 1030 359 in'
1049 317 1251 360 vocabulis
1276 322 1359 358 tam

180 383 374 434 frequenti
394 398 464 424 usu
487 386 710 437 compositis
733 386 949 424 traiiciendi
969 387 1145 433 licentia,
1168 383 1358 437 quemad-

177 448 338 496 modum
365 463 495 502 neque
516 453 554 490 in
579 452 791 490 vernaculo
813 448 1001 489 sermone.
1042 452 1235 489 Peccatur
1261 449 1357 487 alibi

178 512 219 551 in
239 515 520 555 vocabulorum
543 517 725 561 sormam,
748 515 876 567 qualis
900 515 1200 554 Atheniensibus
1218 515 1355 565 Lysiae

176 579 404 630 aequalibus
422 581 463 618 in
486 594 558 619 usu
582 580 672 617 fuit:
696 592 827 631 neque
846 581 948 618 enim
971 580 1140 623 α’νήλωσα
1161 592 1235 632 pro
1256 581 1353 619 α’νοί-

175 643 274 684 λωσα
298 644 373 684 illis
400 645 684 697 usurpabatur,
717 658 848 696 neque
878 646 1047 698 ἠντιβόλει
1079 658 1153 698 pro
1182 645 1358 697 ἠντεβόλει

174 724 216 761 p.
231 709 324 748 471.
346 710 392 747 Β.
419 723 549 762 neque
574 711 676 751 πλέον
700 711 728 754 ἢ
753 715 971 754 πεντήκοντα
992 728 1034 765 p.
1058 711 1136 750 156
1160 710 1270 762 (381.
1286 710 1353 762 Β.)

176 781 244 812 aut
269 773 388 814 πλεῖον
413 776 435 818 ἢ
462 776 570 829 χίλιοι
606 791 647 828 p.
681 775 755 815 183
779 776 888 827 (451.
919 776 985 829 Β.)
1021 783 1059 815 et
1090 786 1208 826 saepe
1238 774 1354 820 alibi,

173 852 299 891 quum
330 840 372 877 iu
403 840 462 877 his
498 840 762 879 locutionibus
787 841 886 880 πλεῖν
913 847 937 882 ἥ
970 841 1109 879 Atticis
1142 839 1260 877 fuerit
1288 851 1354 877 so·

173 904 322 945 temne„
353 903 567 944 obliterata
589 911 646 943 est
672 905 747 942 alia
770 906 958 957 loquendi
981 903 1242 944 ratioeAtticis
1267 915 1357 954 pro·

174 970 260 1022 pria
294 983 335 1020 p.
371 968 445 1007 132
472 969 580 1020 (320.
609 970 672 1022 Β.)
704 970 802 1010 ἀλλὰ
830 971 893 1023 μὲν
925 970 974 1017 δὴ
1000 971 1068 1023 οὐχ
1101 972 1205 1023 ὅμοιοί
1233 984 1274 1022 γε
1299 968 1353 1008 σοὶ

175 1035 236 1075 καὶ
258 1035 393 1081 ἐκείνοις
410 1033 577 1090 ὑπῆρχε,
600 1035 667 1074 ubi
686 1039 788 1090 ὅμοια
809 1040 884 1093 γάρ
910 1036 1160 1076 scribendum
1184 1040 1255 1073 est.
1289 1035 1355 1073 Li-

173 1101 291 1138 brarii
320 1100 670 1138 autemvscribendi
699 1102 937 1151 compendio
963 1101 1118 1152 decepti
1143 1104 1218 1155 γάρ
1245 1108 1283 1139 et
1310 1116 1354 1153 γε

172 1165 383 1204 sexcenties
408 1164 679 1202 confundunt:
709 1165 838 1203 statim
864 1162 1041 1216 sequitur
1063 1170 1206 1222 ’πρῶτον
1227 1168 1290 1219 μέν
1313 1180 1355 1218 γε

171 1230 358 1274 ΤΑθηναῖοι
386 1228 492 1273 ἦσαν.
536 1229 654 1267 Miror
680 1231 779 1281 quid
803 1231 966 1269 credant
985 1231 1090 1286 istud
1111 1247 1154 1285 γε
1173 1233 1242 1270 tali
1264 1233 1356 1270 loco

172 1296 244 1335 sibi
279 1296 392 1339 velle.
429 1297 505 1350 γάρ
536 1293 786 1332 scribendum
817 1307 897 1333 esse
929 1296 1062 1346 palam
1095 1303 1163 1334 est.
1206 1296 1355 1336 Verum

169 1361 278 1399 nulla
306 1361 381 1399 alia
408 1361 449 1399 in
480 1372 522 1398 re
555 1357 799 1411 frequentius
833 1362 991 1413 peccari
1022 1367 1121 1414 puto
1153 1374 1276 1414 quam
1310 1362 1354 1400 in

174 1438 246 1463 usu
275 1425 495 1477 particulae
516 1427 585 1475 ἄν,
610 1436 732 1474 quam
764 1424 880 1477 video
907 1425 1050 1476 passim
1083 1432 1151 1464 aut
1184 1426 1355 1464 absurde

170 1493 349 1531 omissam
366 1504 446 1529 esse
472 1498 540 1530 aut
560 1492 687 1529 alieno
709 1491 798 1529 loco
821 1492 1004 1529 insertam
1023 1498 1091 1530 aut
1114 1492 1246 1543 inepte
1262 1491 1354 1530 loco

170 1571 244 1596 suo
272 1559 433 1595 motam.
475 1556 662 1594 Omittere
692 1557 833 1607 possim
865 1568 931 1594 eos
957 1557 1083 1601 locos,
1122 1556 1192 1593 ubi
1229 1557 1358 1594 critici

169 1624 242 1675 ipsi
265 1628 551 1676 peccaverunt,
584 1628 626 1659 ut
654 1635 695 1673 p.
726 1621 801 1660 134
830 1622 926 1673 (325
968 1620 1034 1673 Β.)
1065 1621 1131 1659 ubi
1155 1621 1353 1660 Marklan-

170 1688 245 1726 dus
269 1687 387 1734 scribi
414 1687 557 1738 voluit:
585 1684 743 1731 δεδιότες
770 1688 819 1739 μὴ
845 1686 1057 1730 καταλυθεῶ
1088 1686 1133 1725 ἂν
1159 1687 1179 1725 ὁ
1206 1686 1350 1738 δῆμος,

167 1765 288 1806 quem
324 1752 594 1792 soloecismum
629 1751 831 1789 Bekkerus
866 1753 1031 1803 recepit.
1082 1750 1246 1789 Codices
1278 1763 1351 1789 nos

168 1819 310 1860 fallunt
335 1816 395 1854 his
421 1817 518 1854 locis
543 1829 585 1867 p.
613 1815 690 1854 138
715 1817 825 1866 (335.
852 1816 920 1866 B.)
944 1817 974 1856 εἷ
999 1816 1061 1870 μὲν
1082 1812 1139 1855 οὖν
1163 1814 1263 1862 οὗτος
1285 1815 1350 1870 μὲν

167 1882 205 1923 ἐν
231 1886 314 1928 ἅςει
327 1883 442 1936 ,ἡμεῖς
466 1880 504 1921 δ’
536 1880 572 1921 ἐν
594 1879 761 1935 ’Πειραιεῖ
778 1878 863 1933 ἦμεν
891 1881 987 1934 εἶχόν
1015 1896 1091 1921 τινα
1119 1881 1224 1935 λόγον
1250 1866 1350 1934 αὐτῷ

169 1951 209 1989 αἱ
234 1951 437 2001 συνθῆκαι,
465 1948 534 1987 ubi
558 1950 603 1987 ἄν
624 1948 707 1986 sine
733 1948 995 1987 controversia
1019 1949 1187 1995 excidit,
1219 1960 1351 2000 neque

163 2018 267 2057 *alibi
290 2029 413 2068 quam
445 2021 533 2068 post
559 2015 655 2067 εἶχον
681 2018 782 2052 stare
808 2020 948 2065 potest.
991 2015 1175 2054 Similiter
1201 2029 1242 2068 p.
1276 2015 1350 2053 155

172 2081 282 2134 (378.
309 2081 374 2133 Β.)
403 2082 433 2121 εἰ
457 2082 587 2121 οἴονται
614 2080 729 2121 πολλὰ
759 2081 930 2133 γενέσθαι
950 2082 1148 2137 Νικοφήμῳ
1176 2080 1348 2133 ὁμολογή-

168 2162 267 2189 σειαν
299 2149 347 2189 τὰ
374 2149 534 2194 Κόνωνος
561 2149 646 2187 εἶναι
678 2146 844 2198 πλείονα,
872 2147 985 2199 quod
1007 2153 1142 2185 votum
1165 2152 1237 2184 est:
1267 2146 1351 2183 uti-

170 2227 269 2260 nam
289 2215 549 2264 concedant,
591 2214 632 2252 ni
667 2217 712 2252 ἄν
749 2213 931 2252 addatur.
969 2214 1011 2251 P.
1045 2213 1120 2254 1-79
1145 2211 1253 2264 (440.
1283 2209 1350 2262 Β.)

164 2279 264 2331 οἶμαι
299 2277 335 2319 δ’
368 2282 483 2334 ἔγωγε
520 2282 661 2325 πάντας
699 2278 795 2331 ὑμᾶς
827 2278 1044 2332 ὁμολογῆσαι
1085 2278 1226 2316 falsum
1246 2281 1321 2331 'est
1336 2301 1350 2322 ,
