1572 2801
757 175 813 219 58

197 308 439 364 βορβορόπη.”
482 308 626 345 Actum
659 315 714 346 est
757 309 806 346 de
846 310 997 347 saniore
1033 310 1312 361 grammatica,
1357 310 1386 348 si

198 378 269 414 ista
305 372 595 426 probabuntur.
644 374 748 422 Quin
779 375 895 411 etiam
932 375 1036 413 istud
1067 374 1269 432 βορβορόπη
1305 388 1385 413 non

199 447 255 479 est
282 440 497 483 Graecum,
543 452 789 490 quamquam
823 439 875 476 ita
913 439 1037 478 visum
1062 448 1122 478 'est
1154 441 1382 486 Eustathi0‚

197 519 342 559 parum
373 505 516 542 idoneo
552 504 673 542 iudici
715 518 807 557 pag.
842 504 943 550 862,
989 505 1042 543 45
1072 513 1109 543 et
1152 507 1275 553 1329,
1318 508 1382 545 33.

196 573 266 611 ubi
293 572 459 623 legitur:
505 572 604 623 ςόμα
633 572 672 610 τὸ
700 574 809 616 οὕτως
836 572 1017 611 ἀποπτύον
1044 572 1150 611 ὄνθου
1178 571 1317 625 λεχθείη
1343 574 1388 613 ἂν

199 638 259 677 καὶ
289 636 461 692 βορβόρου
482 636 556 678 ‘dmi
566 668 582 688 ,
621 639 707 692 ὅπερ
728 637 825 677 κατὰ
856 636 1014 677 παλαιὰν
1041 638 1175 694 ἱςορίαν
1202 639 1342 686 συνθεὶς
1367 641 1388 679 ὁ

200 704 453 761 βαρύγλωσσος
479 703 661 750 Ἱππῶναξ
700 702 925 759 βορβορόπην
952 703 1074 759 ὕβρισε
1110 708 1264 757 γυναῖκα
1291 722 1383 746 τινα.

196 772 390 823 Analogia
415 770 553 808 Graeci
579 772 763 808 sermonis
789 772 901 809 istam
930 772 1094 810 formam
1124 785 1170 810 eo
1193 786 1306 811 sensu
1332 787 1388 812 re-

194 839 301 889 spuit
323 843 361 875 et
382 835 630 874 Eustathium
656 842 698 874 ut
714 838 929 875 sexcenties
956 838 1049 876 alibi
1076 839 1199 877 vitiosi
1228 839 1388 878 codices

196 904 455 955 deceperunt.
486 902 670 949 Quicum
688 903 882 954 Hesycliio
896 918 934 943 v.
949 904 1188 960 βορβορωπόν.
1212 905 1384 959 αἰσχρὸν,

194 968 355 1023 βορβόρῳ
382 967 554 1022 ἐμφερές,
585 970 759 1007 conferet
787 968 949 1009 Suidam
974 973 1015 1010 in
1041 972 1212 1025 μυσαχνὴ
1231 977 1269 1008 et
1296 971 1383 1026 βορ-

196 1034 343 1090 βόροπιν
361 1038 471 1076 κῆπον
484 1034 595 1071 nullo
620 1036 778 1087 negotio
794 1037 968 1076 restituet
990 1038 1231 1091 Hipponacti
1247 1051 1383 1076 suum:

194 1099 424 1157 βορβορωπὸν
452 1105 583 1146 κῆπον,
612 1113 694 1151 quo
722 1102 900 1140 convicio
923 1102 1041 1141 homo
1071 1115 1163 1141 acer
1190 1116 1385 1155 spurcam

197 1169 450 1206 meretricem
480 1166 759 1205 insectabatur.

245 1233 359 1284 Fugit
397 1232 475 1270 hoc
510 1233 772 1283 fragmentum
811 1232 1052 1284 diligentiam
1088 1232 1385 1273 Schneidewini

197 1305 235 1338 et
258 1299 457 1338 Meinekii.

248 1381 290 1417 p.
324 1364 388 1402 10.
428 1363 514 1416 Qui
537 1363 652 1401 docte
680 1363 859 1400 scribere
890 1364 1082 1401 volebant
1110 1365 1380 1403 obsoletat-um

194 1432 412 1471 verborum
435 1430 641 1467 cadavera
662 1427 926 1481 effodiebant)
957 1430 1079 1482 Legat
1102 1430 1197 1467 mihi
1218 1430 1269 1468 ad
1285 1430 1385 1468 haec

195 1505 264 1536 aut
301 1497 447 1549 relegat
483 1495 625 1547 aliquis
659 1494 823 1532 Luciani
853 1494 1148 1547 Lexiphanem‚
1192 1509 1312 1548 quem
1342 1512 1381 1549 p.

195 1563 276 1602 342
313 1564 368 1601 ita
409 1563 610 1614 increpat:
653 1566 754 1609 ζητῶ
784 1561 870 1618 πρὸς
909 1561 1062 1615 ἐμαυτὸν
1088 1563 1218 1603 ὁπόθεν
1246 1565 1293 1603 τὰ
1321 1580 1379 1604 το-

197 1633 317 1669 σαῦτα
336 1630 435 1668 κακὰ
453 1627 636 1674 συνελέξω
665 1627 725 1666 καὶ
753 1627 788 1665 ἐν
817 1628 935 1682 ὁπόσῳ
963 1630 1082 1684 χρόνῳ
1102 1628 1161 1668 καὶ
1198 1633 1283 1669 ὅπου
1316 1646 1383 1669 κα-

201 1698 391 1743 τακλείσας
417 1697 508 1749 εἶχες
542 1695 655 1748 (Leg.
682 1695 789 1748 ἔχεις)
824 1698 989 1735 τοσοῦτον
1016 1695 1120 1749 ἑσμὸν
1147 1697 1291 1736 ἀτόπων
1328 1699 1387 1737 καὶ

199 1765 404 1820 διαςρόφων
430 1765 641 1815 ὀνομάτων,
662 1759 710 1800 ὧν
736 1762 783 1800 τὰ
815 1761 879 1814 μὲν
907 1762 1013 1808 αὐτὸς
1030 1761 1219 1819 ἐποίησας,
1249 1765 1305 1802 τὰ
1336 1763 1361 1803 δ
1371 1765 1387 1803 ὲ

202 1829 608 1886 κατορωρυγμένα
656 1826 803 1868 ποθὲν
845 1828 1071 1870 ἀνασπῶν
1107 1831 1204 1870 κατὰ
1237 1830 1276 1870 τὸ
1303 1831 1386 1884 ἰαμ-

199 1900 306 1951 βεῖον’

399 1963 525 2002 Ὅλοιο
553 1964 698 2004 θνητῶν
726 1961 879 2016 ἐκλέγων
908 1963 972 2007 τὰς
1000 1966 1200 2019 συμφοράς.

253 2031 339 2069 Imo
354 2043 447 2068 vero
462 2031 520 2067 isti
541 2030 804 2083 ὀνοματοθῆραι
822 2042 939 2081 saepe
960 2043 1010 2068 ne
1022 2030 1291 2082 intelligebant
1305 2033 1392 2083 qui-

199 2098 289 2136 dem
303 2103 450 2136 veteres
465 2096 651 2149 γλώσσας,
667 2097 813 2148 quibus
828 2110 939 2135 suam
953 2097 1169 2136 orationem
1186 2102 1389 2149 tamquam

199 2165 361 2217 gemmis
376 2164 612 2215 distinguere
627 2163 851 2201 studebant.
884 2163 1080 2201 Lucianus
1094 2177 1135 2215 p.
1152 2162 1242 2200 348.
1267 2162 1305 2202 τὸ
1321 2165 1387 2216 με’-

198 2246 297 2285 γιςον
318 2232 532 2286 ἁμαρτάνεις
558 2233 610 2269 ὅτι
641 2229 679 2269 οὐ
709 2230 876 2286 πρότερον
905 2230 971 2275 τὰς
991 2228 1145 2275 διανοίας
1172 2233 1243 2270 τῶν
1261 2228 1392 2278 λέξεων

193 2299 591 2354 προπαρεσκευασμένος
629 2299 748 2337 ἔπειτα
786 2298 1026 2350 κατακοσμεῖς
1056 2300 1126 2342 τοῖς
1163 2296 1294 2352 ῥήμασι
1331 2297 1391 2336 καὶ
