1572 2801
772 185 830 227 22

218 323 328 365 docti
364 320 538 362 alicuius
576 319 640 361 vel
679 318 775 360 libri
819 319 884 362 vel
920 319 1099 370 hominis
1139 323 1383 365 auctoritate

218 398 405 437 constare
423 390 696 434 arbitrantur:
724 391 832 434 unde
850 406 945 433 mox
967 392 1094 434 nullo
1105 395 1267 450 negotio
1283 409 1378 437 con-

217 471 407 522 coquunt
430 466 584 517 omnia,
609 466 705 522 quia
728 464 829 521 quid
856 465 908 507 sit
929 467 1106 522 aliquid
1125 469 1385 526 intelligere

217 555 447 597 numquam
496 539 800 582 intellexerunt.
867 539 1030 596 Operae·
1067 540 1246 597 pretium
1278 542 1378 584 mihi

218 613 405 655 facturus
429 612 568 654 videor
583 613 615 653 si
635 612 865 653 indicavero
882 612 1048 667 paucis,
1080 627 1185 668 quae
1205 613 1257 654 sit
1278 612 1385 655 fides·

205 692 259 729 ‘et
286 686 510 730 auctoritas
541 684 763 738 librorum,
794 685 835 726 in
860 699 1040 740 quorum
1073 686 1278 742 scriptura
1309 699 1379 727 se-

220 759 310 800 curi
347 758 536 815 plerique
566 758 845 814 acquiescunt.
891 756 958 798 Ab
987 758 1266 814 antiquissima
1292 772 1376 800 me-

215 832 346 873 moria
373 845 448 887 per
477 829 741 872 librariorum
765 844 912 871 manus
937 831 1152 887 propagati
1177 831 1257 873 iam
1279 827 1408 874 olim-⁴

214 903 426 946 erroribus
451 904 644 957 istorum,
676 902 938 945 indoctorum
964 902 1178 945 hominum
1200 909 1242 946 et
1263 903 1378 946 aliud

215 980 447 1035 agentium,
476 979 686 1036 depravati
704 977 955 1021 ferebantur.
995 979 1148 1020 Passim
1165 978 1277 1034 apud
1303 979 1377 1021 Ve-

215 1056 324 1092 teres
366 1050 418 1093 de
459 1050 649 1093 codicum
691 1049 797 1090 vitiis
836 1053 878 1091 et
912 1049 1159 1106 corruptelis
1188 1049 1380 1105 querelae
1440 1104 1443 1107 ¹

215 1123 427 1179 leguntur.
465 1123 533 1165 De
557 1123 690 1164 libris
710 1122 907 1176 Latinis,
940 1122 1081 1164 scribit
1105 1123 1157 1163 ad
1177 1122 1378 1174 Quintum

216 1196 386 1239 fratrem
429 1195 594 1250 Cicero,
649 1211 732 1252 quo
779 1210 845 1237 me
890 1201 1055 1237 vertam
1091 1197 1260 1249 nescio,
1310 1198 1378 1238 ita

217 1271 411 1312 mendosi
461 1276 504 1310 et
552 1269 815 1310 scribuntur
870 1275 913 1309 et
966 1275 1165 1310 veneunt.
1241 1268 1379 1312 Exstat

215 1342 414 1399 epistolae
444 1341 716 1398 Theophrasti
757 1340 808 1381 ad
835 1341 1066 1383 Eudemum
1103 1341 1379 1398 fragmentum

216 1415 268 1457 de
303 1415 396 1457 loco
441 1414 622 1471 quodam
662 1422 862 1470 corrupto
902 1415 945 1456 in
981 1414 1090 1456 libro
1125 1413 1379 1470 Aristotelis,

217 1489 451 1530 communis
475 1487 681 1542 magistri,
707 1487 826 1527 cuius
848 1486 1103 1528 emendatam
1131 1488 1378 1543 scripturam

215 1577 265 1605 ex
293 1561 461 1604 meliore
486 1560 758 1617 Theophrasti
791 1559 932 1602 codice
963 1559 1171 1601 Eudemus
1200 1573 1380 1616 cognos-

217 1650 309 1678 cere
338 1632 544 1691 cupiebat.
606 1631 831 1688 Aliquanto
863 1632 1083 1675 deteriores
1112 1647 1199 1674 esse
1228 1647 1297 1674 eos
1328 1634 1380 1675 li-

218 1708 337 1760 bros,
368 1708 441 1764 qui
472 1706 524 1747 ad
551 1721 626 1748 nos
647 1706 947 1763 perdurarunt,
974 1706 1093 1749 facile
1120 1706 1378 1763 intelligitur.

216 1781 393 1824 Nullum
416 1794 615 1835 umquam
639 1778 720 1820 vidi
737 1779 943 1833 codicem,
969 1780 1042 1835 qui
1058 1780 1147 1821 sine·
1157 1779 1399 1836 multiplici·

219 1851 502 1902 emendatione
538 1850 618 1907 legi
659 1850 917 1907 intelligique
953 1855 1104 1908 posset.
1165 1851 1239 1894 Vel
1275 1853 1381 1894 anti-

218 1926 442 1983 quissimus
476 1929 518 1967 et
559 1925 739 1981 optimus
775 1925 952 1981 quisque
988 1939 1105 1982 saepe
1135 1927 1382 1982 turpissimis

216 1997 446 2052 erroribus,
479 2011 659 2054 quorum
690 2012 803 2039 nunc
833 1998 1007 2040 tironem
1045 1998 1172 2055 paulo
1205 1998 1380 2056 diligen-

217 2073 363 2115 tiorem
391 2069 587 2127 puderet,
619 2071 859 2128 inquinatus
889 2077 962 2114 est.
1024 2072 1207 2114 Primum
1240 2073 1383 2115 vitiosa

217 2145 493 2189 recentiorum
515 2144 767 2188 Graecorum
788 2146 1070 2202 pronuntiatio
1086 2146 1275 2188 millenos
1288 2147 1378 2190 sun-

217 2220 313 2262 dere
337 2218 444 2262 solet
465 2232 640 2261 errores:
671 2224 760 2260 tum
785 2218 1082 2262 homunciones
1113 2220 1270 2277 antiqui
1301 2235 1382 2264 ser-

215 2293 345 2335 monis
371 2307 519 2350 parum
549 2292 689 2350 periti,
723 2293 832 2335 nacti
858 2296 1041 2335 vetustos
1068 2291 1196 2336 libros
1224 2294 1265 2337 in
1288 2295 1384 2351 qui·
