1572 2801
716 215 802 259 148

166 352 253 393 κασί
290 364 377 395 τινες
417 347 463 387 τὰ
505 345 675 399 κλήματα
717 349 779 385 τοῦ
819 344 951 400 δήμου]
965 378 982 398 ,
1023 346 1260 404 ὑποτέτμηται
1302 352 1350 391 τά

163 424 265 475 νεῦρα
292 423 362 458 τῶν
395 417 650 468 πραγμάτων,
686 413 761 452 κτὲ.
793 413 1058 470 ἀμπελουργεῖν
1093 422 1149 455 est
1185 417 1233 457 τὰ
1263 417 1350 463 κλή-

167 502 269 542 ματα
293 490 363 526 τὼν
384 484 551 539 ἀμπέλων
574 484 806 538 α’νατέμνειν,
835 487 941 523 vites
960 491 1133 538 putare,
1151 487 1353 539 palmites

169 555 436 592 luxuriantes
468 565 677 597 resecare,
720 552 810 588 satis
843 556 949 589 recte
983 552 1102 604 igitur
1130 553 1249 592 habet
1281 554 1355 593 ista

167 620 459 671 interpretatio,
492 619 558 657 sed
588 618 638 656 ab
664 618 774 656 nullo
799 618 876 655 alio
900 618 1028 656 minus
1045 632 1172 671 -quam
1197 620 1247 658 ab
1269 621 1357 673 ipso

167 686 362 724 Aeschine
388 686 481 724 addi
508 686 650 737 potuit.
696 686 873 736 Apparet
898 697 945 723 ex
968 686 1045 723 alio
1072 686 1244 725 eiusdem
1271 700 1357 726 ora-

167 752 281 789 tionis
309 752 399 789 loco
426 766 548 804 quam
578 752 779 790 manifesta
807 752 1093 790 recentissimae
1121 765 1260 791 manus
1286 752 1359 791 ad-

169 819 383 855 ditamenta
412 819 606 870 patienter
635 818 734 855 ferre
768 817 970 869 potuerint
996 818 1179 865 lectores,
1218 832 1262 870 p.
1293 818 1360 860 73.

168 888 307 939 πρῶτος
338 882 401 938 μὲν
439 881 554 937 [οὗτος
587 882 784 941 ς-ρατηγός]
820 882 1075 938 Θρασύβουλος
1104 884 1122 924 ὁ
1152 884 1360 931 Κολυττεύς

170 975 222 981 -
243 952 458 1004 Λεωδάμας
486 954 504 992 ὁ
525 952 726 1008 Ἀχαρνεὺς
749 953 816 1002 οὐχ
845 950 947 993 ἧττον
976 952 1224 1004 Δημοσθένους
1248 952 1361 1005 λέγειν

167 1019 361 1073 δυνάμενος
403 1018 484 1057 ἀλλ’
523 1020 638 1071 ἔμοιγε
680 1015 739 1057 καὶ
783 1014 890 1060 ἡδίων
901 1049 918 1069 ,
965 1015 1102 1073 [ῥήτωρ
1139 1016 1198 1057 καὶ
1239 1015 1356 1071 οὗτος]

172 1085 399 1140 Ἀρχέδημος
423 1085 441 1123 ὁ
462 1083 592 1130 Πήληξ
629 1082 690 1122 καὶ
716 1082 865 1128 δυνατὸς
888 1083 993 1123 εἰπεῖν
1019 1083 1080 1122 καὶ
1106 1084 1225 1123 πολλοὶ
1248 1100 1359 1124 κεκιν-

170 1150 345 1196 δυνευκὼς
372 1150 406 1190 ἐν
434 1151 595 1201 πολιτείᾳ
624 1148 686 1189 διὰ
719 1148 923 1202 Θηβαίους,
965 1149 1219 1206 [δημαγωγός]
1259 1151 1361 1208 Ἀρι-

171 1224 291 1274 ςοφῶν
312 1220 329 1258 ὁ
355 1220 533 1266 Ἀζηνιεύς
560 1241 604 1247 ·-
615 1250 632 1270 ,
666 1218 820 1273 [ῥήτωρ]
857 1218 1068 1275 Πύρανδρος
1093 1220 1111 1258 ὁ
1131 1218 1363 1274 Ἀναφλύς-ιος

171 1286 246 1325 κτὲ.
291 1287 349 1324 Ne
377 1286 561 1325 Reiskius
590 1284 751 1336 quidem
778 1285 847 1322 ista
877 1285 1008 1324 omnia
1037 1286 1162 1325 aliena
1191 1286 1244 1325 ob
1270 1299 1361 1326 ora-

170 1354 264 1391 toris
302 1365 469 1405 persona
502 1357 540 1390 et
577 1351 651 1388 illis
685 1349 932 1389 auditoribus
968 1365 1047 1390 esse
1080 1353 1216 1391 sensit:
1253 1367 1364 1393 nune

168 1420 372 1459 Dobraeus
398 1425 437 1456 et
464 1417 668 1455 Bekkerus
695 1424 984 1468 expunxerunt.
1027 1418 1075 1457 In
1099 1419 1243 1458 ultimis
1269 1421 1365 1460 reci-

169 1486 354 1539 cipienda
387 1491 471 1524 erat
500 1484 626 1521 ‘tectio
652 1482 913 1540 Πύρρανδρος,
941 1498 1034 1523 nam
1066 1486 1226 1539 vulgata
1253 1487 1367 1526 nimis

174 1554 343 1592 ridicula
368 1558 436 1590 est.
478 1550 636 1589 Addam
663 1550 737 1587 alia
763 1563 896 1601 pauca
925 1564 972 1589 ex
994 1551 1189 1591 Isocrate:
1218 1553 1260 1591 in
1283 1565 1369 1592 ora·

177 1621 284 1659 tione
312 1618 391 1674 περὶ
419 1617 630 1662 ἀντιδόσεως
657 1631 698 1668 p.
721 1615 815 1654 446.
842 1617 887 1655 Β.
918 1618 1079 1669 legitur:
1109 1618 1161 1663 τίς
1193 1618 1265 1674 γὰρ
1299 1618 1363 1658 οὐκ

174 1686 231 1727 οἶδ
233 1702 248 1726 ε
277 1687 467 1742 Κόρκυραν
496 1684 558 1738 μὲν
592 1682 627 1722 ἐν
662 1680 927 1738 ε’πικαιροτοὶτῳ
965 1682 1042 1734 [καὶ
1075 1683 1254 1736 κάλλιςα]
1293 1700 1366 1725 κει-

178 1757 281 1807 μένην
308 1758 378 1793 τῶν
407 1750 486 1806 περὶ
518 1749 799 1790 Πελοπόννησον.
831 1748 902 1800 qui
930 1748 982 1786 ad
1017 1749 1136 1789 verba
1168 1750 1204 1791 ἐν
1230 1751 1368 1793 ἐπικαι-

178 1824 322 1876 ροτάτῳ
350 1818 556 1869 adscripsit
590 1814 752 1860 κάλλιςα
782 1815 861 1854 vim
895 1826 1030 1853 eorum
1067 1829 1149 1855 non
1179 1818 1370 1858 intellexit

182 1895 221 1927 et
248 1886 377 1926 effecit
406 1891 450 1923 ut
480 1885 671 1923 Isocrates
698 1882 796 1921 nihil
824 1882 984 1920 diceret.
1034 1882 1123 1921 Non
1151 1884 1242 1923 satis
1268 1884 1371 1923 Atti-

186 1967 279 1994 cum
302 1959 357 1991 est
379 1950 490 2003 quod
516 1950 658 2002 legitur
679 1962 723 2000 p.
741 1946 833 1987 471.
864 1951 1018 1994 ἅπαντες
1037 1949 1212 1994 τοιαύταις
1234 1947 1373 2005 ἐχρῶν-

186 2036 227 2062 το
265 2021 344 2065 ταῖς
380 2016 549 2062 διανοίαις
557 2048 595 2069 ,ἢ
620 2018 767 2068 οἵασπερ
802 2012 842 2062 ἐξ
881 2015 1000 2070 ἀρχῆς
1046 2017 1178 2071 ἔφυσαν
1219 2019 1372 2071 ἔχοντες.

186 2084 503 2139 Expungendum
538 2088 594 2120 est
630 2084 770 2134 ἔχοντες
797 2081 977 2119 additum
1007 2082 1059 2119 ab
1085 2095 1155 2129 eo,
1194 2085 1265 2136 qui
1303 2096 1375 2123 ne-

186 2151 335 2192 sciebat
358 2149 410 2188 ab
430 2147 588 2187 Graecis
612 2146 691 2185 dici
718 2147 890 2199 aliquem
913 2150 1017 2200 νοῦν,
1043 2150 1168 2205 φρένας
1177 2182 1195 2202 ,
1215 2148 1377 2191 διάνοιαν

189 2223 296 2274 φῦσαι
304 2250 322 2271 ‚
350 2214 687 2269 quemadmodum
719 2212 896 2266 ὀδόντας,
922 2216 1103 2269 πώγωνα,
1131 2217 1246 2274 πτερὰ
1269 2221 1376 2275 φῦσαι

188 2288 365 2340 aliquem
400 2281 596 2323 dicebant.
653 2281 701 2320 In
739 2281 877 2322 eadem
914 2284 1104 2324 oratione.
1134 2299 1177 2339 p.
1205 2283 1299 2325 449.
1335 2286 1378 2326 in

190 2353 337 2395 verbis:
367 2350 465 2393 ἀλλὰ
488 2350 582 2392 τοῦτ’
609 2348 797 2406 ἐφιλοσόφει
832 2349 910 2402 [καῖ
936 2351 1034 2394 τοῦτ’-
1059 2352 1252 2407 ἔπραττιν]
1278 2355 1376 2401 ὅπως
