1572 2801
761 207 848 251 156

237 342 350 394 quod
375 340 637 395 καταγέλαςοςε
662 352 738 378 nec
760 339 861 378 bene
887 340 1069 386 habeta-1⁹4
1088 341 1200 388 οἴκους
1226 356 1300 395 pro
1317 345 1417 388 οἴκοι,-

235 409 294 449 δε.
331 409 392 446 13.
421 409 532 463 αἰγῶν
557 410 681 465 ἔρημος
709 405 859 444 dictum
887 413 929 444 ut
961 407 1075 464 φίλων
1104 411 1231 464 ἔρημος
1258 409 1418 450 bellissi-

235 490 344 515 mum
377 483 446 514 est.
491 476 551 514 15.
585 474 633 515 ὦν
668 474 772 519 αὐτὸς
801 475 894 526 εἶχεν
928 473 968 514 ἐκ
998 477 1152 531 πρώτης.
1186 476 1293 523 αὐτός
1322 479 1419 517 nihii

238 544 350 582 addit
380 545 612 581 sententiae:
655 542 694 581 ἐκ
725 544 895 596 πρώτης,
926 543 956 579 si
990 542 1121 590 lubet,
1151 544 1291 596 accipe
1322 557 1419 597 pro:

237 610 277 659 ἐξ
305 613 435 667 ἀρχῆς.
479 610 637 648 Metrica
667 610 757 648 vitia
789 610 993 661 graviora,
1029 623 1134 662 quae
1172 611 1339 649 editores
1365 612 1424 650 fe-

237 679 443 719 fellerunt,
487 676 586 713 haec
613 682 726 713 sunt:
765 676 845 713 fab.
876 676 952 721 75,
981 676 1022 713 2.
1060 680 1203 717 πάντων
1230 677 1417 731 λεγόντων·

239 746 290 797 μὴ
318 742 466 795 δέδιθι,
493 743 661 796 σωθήσῃ.
694 742 863 780 mediam
889 743 929 781 in
952 742 1075 783 δέδιθι
1096 746 1243 797 corripi
1267 751 1423 796 praeter

238 817 385 848 certam
409 810 631 862 analogiam
653 810 838 847 evincunt
861 812 1032 848 carmina
1057 811 1232 856 Homeri,
1259 810 1324 848 ubi
1349 809 1424 850 δεί-

239 876 319 917 διθι
348 890 500 929 semper
535 884 589 915 est
622 877 815 928 dactyluS.
853 877 893 914 in
928 877 1007 915 fab.
1037 879 1111 924 27,
1141 878 1181 916 3.
1215 885 1277 924 τῆς
1308 876 1342 917 δ’
1379 874 1425 918 αὖ

241 944 405 998 λεγούσης
422 945 469 989 ὡς
488 946 602 986 κακὴν
622 947 732 998 χάριν
753 945 876 994 τίνεις,
896 944 1091 981 senarium
1112 943 1233 981 habes
1245 956 1318 995 pro
1332 944 1425 981 eho-

240 1011 407 1057 liambo,
453 1024 544 1049 nam
585 1011 707 1063 τίνειν,
748 1009 914 1062 ἐκτίνειν,
954 1010 1126 1051 ἀποτίνειν
1166 1010 1425 1062 penultimam

242 1078 477 1128 corripiunt.
503 1078 542 1114 in
576 1077 657 1114 fab.
685 1077 758 1122 35,
786 1078 824 1114 2.
863 1080 1015 1116 τεκοῦσαι
1040 1074 1079 1115 δ’
1111 1076 1230 1120 αὐτοῖς
1259 1074 1335 1121 ἐςίν
1365 1076 1427 1115 οὐκ

243 1144 302 1190 ἴση
334 1148 450 1199 μήτηρ
482 1145 667 1182 convellit
694 1144 803 1196 quod
834 1145 1111 1183 Lachmannus
1139 1158 1180 1197 p.
1208 1143 1301 1183 XIV
1327 1156 1427 1181 asse-

243 1219 352 1250 verat
387 1213 602 1263 »quotiens
632 1217 769 1250 autem
796 1226 940 1250 versus
966 1215 1012 1249 z'n
1042 1211 1276 1262 disyllabon
1310 1223 1429 1248 voca-

244 1278 381 1315 bulum
407 1279 514 1321 exit,
538 1275 735 1314 Babrium
760 1290 786 1313 a
808 1277 986 1329 spondeo
1005 1277 1257 1315 abstinuisse
1276 1280 1430 1313 certum

244 1344 332 1381 est’'
372 1355 546 1393 namque
583 1342 655 1387 ἴσος
694 1341 881 1393 producit
921 1342 1111 1392 primam,
1154 1346 1433 1392 praeterquam

245 1409 355 1461 apud
376 1408 644 1451 Athenienses,
667 1413 704 1444 et
726 1406 890 1444 Babrius
905 1407 987 1458 ipse
1006 1406 1140 1443 [onice
1161 1406 1328 1458 scripsit.
1358 1405 1430 1443 Per

243 1476 322 1513 vim
339 1481 468 1512 autem
486 1473 629 1511 Babrio
643 1474 846 1512 obtrusum
862 1480 930 1511 est.
947 1474 1012 1515 57,
1037 1472 1076 1511 6.
1099 1472 1300 1527 Ἀραβίων,
1318 1472 1429 1524 quod

248 1540 444 1578 Graecum
470 1553 550 1578 non
574 1547 645 1586 est,
676 1553 750 1592 pro
778 1539 963 1597 Ἀράβων.
988 1539 1059 1585 69,
1089 1540 1122 1577 l.
1149 1539 1334 1580 λασιόπουν
1356 1551 1431 1593 pro

247 1607 446 1648 δασύπουν.
472 1620 525 1645 vs.
552 1608 589 1645 2.
615 1606 749 1655 ἐδιξητ“
771 1619 843 1658 pro
862 1606 1018 1647 ἐδίωκεν.
1045 1606 1113 1652 42,
1130 1607 1169 1644 5.
1198 1606 1336 1662 ἑξέριψε
1358 1619 1432 1658 pro

248 1674 407 1730 ἐξέρριψε
431 1679 468 1710 et
492 1686 544 1710 vs.
568 1674 727 1710 ultimo:
756 1672 791 1718 ὃς
812 1672 894 1712 οὐδὲ
912 1674 1017 1713 ποίοιν
1040 1673 1149 1714 ἦλόων
1170 1672 1208 1724 μ’
1227 1672 1431 1726 ἐγίνωσκον,

246 1741 358 1792 quod
390 1753 469 1778 non
497 1740 625 1778 minus
651 1740 864 1778 absurdum
891 1746 947 1777 est
975 1752 1096 1790 quam
1124 1739 1242 1778 lectio
1269 1739 1431 1778 codicis.

246 1808 309 1851 73,
333 1807 365 1843 Ι.
385 1808 458 1858 ἔχει
474 1806 633 1859 κλαγγήν
653 1818 726 1857 pro
749 1806 838 1858 εἶχε.
862 1806 927 1851 75,
948 1806 985 1843 3.
1008 1803 1074 1845 ὧδ’
1093 1807 1244 1859 ἁτεχνής
1265 1818 1336 1857 pro
1355 1806 1434 1845 ἀτε-

250 1878 360 1927 χνής,
391 1873 502 1924 quod
536 1880 574 1911 et
607 1874 736 1925 ipsum
774 1872 986 1911 barbarum
1016 1879 1071 1911 est
1097 1887 1171 1925 pro
1200 1876 1361 1924 ἄτεχνος.
1392 1873 1431 1912 7.

248 1952 373 1990 quum
398 1940 591 1990 legeretur
613 1940 654 1975 in
681 1938 841 1976 codice:
870 1938 933 1977 οὐκ
962 1936 1134 1985 ἐξαπατῶ
1160 1954 1201 1978 σε
1227 1937 1328 1994 φησὶν
1353 1937 1430 1978 οὐδ’

249 2004 418 2062 ἐνεδρεύω
448 2005 621 2056 reposuit
650 2004 946 2043 Lachmannus:
979 2005 1043 2046 οὐκ
1068 2004 1187 2064 ἐξαιρῶ
1215 2021 1282 2058 σε,
1308 2004 1432 2061 φησὶν,

248 2071 326 2111 οὐδ’
353 2070 568 2127 ἐνεδρεύσω,
607 2072 828 2123 turpissime
860 2084 934 2124 pro
967 2080 1180 2126 anapaesto
1214 2072 1435 2124 spondeum

250 2139 438 2184 inferens,
469 2151 560 2176 nam
588 2137 719 2193 οἷείρω,
747 2137 836 2193 αἴρω
861 2137 979 2176 habet
1003 2139 1180 2177 futurum
1203 2139 1325 2194 οἰερῶ,
1348 2139 1432 2193 α’ρῶ

248 2206 448 2258 producta
476 2206 601 2257 prima
628 2211 665 2242 et
691 2205 851 2257 iusuper
873 2205 992 2243 verbo
1016 2204 1163 2261 ἐξαίρειν
1187 2218 1339 2243 sensum
1366 2208 1433 2244 tri-

250 2274 396 2316 buens,
429 2285 548 2325 quem
577 2285 707 2325 neque
736 2272 874 2310 habuit
898 2286 1088 2325 umquam
1112 2286 1186 2311 nec
1209 2273 1339 2326 potuit
1362 2273 1433 2311 ha-

250 2341 355 2379 bere.
405 2338 535 2378 Satius
571 2346 653 2378 erat
680 2339 731 2378 ab
768 2339 925 2378 Graecis
960 2339 1216 2392 scriptoribus
1246 2339 1437 2379 abstinere
