1572 2801
768 160 856 204 140

216 311 331 340 τοντες
354 297 483 339 ἕκαςος
509 293 786 349 περιερχόμεθα.
816 291 888 345 ἐγὼ
918 292 955 333 δ’
982 295 1078 346 οἶμαι
1104 295 1167 348 μὲν
1175 329 1192 348 ,
1220 294 1249 337 ὦ
1274 298 1400 355 ἄνδρες

217 364 429 413 Ἀθηναῖοι,
458 362 499 403 νὴ
531 359 610 405 τοὺς
637 359 739 405 θεοὺς
767 359 893 399 ἐκεῖνον
919 361 1060 413 μεθύειν
1088 362 1150 414 μὲν
1176 369 1227 419 τῷ
1257 368 1400 420 μεγέθει

218 435 289 470 τῶν
320 429 575 485 πεπραγμένων
606 426 666 466 καὶ
698 426 818 467 πολλὰ
853 432 1001 468 τοιαῦτα
1032 430 1255 485 ὀνειροπολεῖν
1286 434 1322 472 ἐν
1353 441 1396 488 τῇ

216 499 339 552 γνώμῃ
360 519 413 526 -
429 496 468 536 οὐ
495 497 611 549 μέντοι
642 509 682 548 γε
711 495 765 547 μὰ
794 495 854 533 Δί’
884 497 975 536 οὕτω
1001 499 1253 554 προαιρεῖσθαι
1281 503 1400 554 πράτ-

216 580 285 606 τειν
310 569 385 610 (ng-e
406 562 485 608 τοὺς
507 564 767 607 ἀνοητοτάτους
790 567 859 602 τῶν
885 563 971 618 παρ’
998 564 1081 616 ἡμῖν
1102 563 1226 604 εἰδέναι
1249 566 1289 606 τί
1306 567 1399 619 μέλ-

219 633 269 672 λει
290 633 397 672 ποιεῖν
420 630 565 676 ἐκεῖνος.
593 629 836 681 [ἀνοητότατοι
866 634 941 688 γάρ
965 631 1048 671 εἰσιν
1069 633 1100 671 οἱ
1120 632 1395 686 λογοποιοῦντες]

220 701 345 738 Nemo
370 704 545 736 nostrum
573 704 653 735 tam
680 698 858 749 ineptum
887 699 1198 738 additamentum
1229 702 1270 740 in
1296 715 1406 755 quo-

220 766 278 804 vis
303 770 460 802 oratore
487 763 701 801 vernaculo
728 765 923 815 patienter
952 766 1052 803 ferre
1081 772 1222 817 posset.
1267 767 1405 818 Neque

223 833 334 871 aliter
371 831 413 869 in
451 828 589 867 eadem
627 830 805 868 oratione
841 845 881 882 p.
915 831 967 868 53
995 844 1054 882 sq.
1107 836 1177 871 τῶν
1211 838 1406 886 ςρατηγῶν

223 902 351 944 ἕκαςος
390 896 446 942 δὶς
479 895 538 934 καὶ
577 896 650 949 τρίς
687 897 836 951 κρίνεται
872 896 958 951 παρ’
996 896 1079 950 ὑμῖν
1113 897 1191 953 περιΙ
1222 890 1405 954 θανάτου,

224 965 310 1020 πρὸς
349 963 393 1003 δὲ
430 962 507 1008 τοὺς
546 961 699 1017 ἐχθροὺς
736 962 849 1009 οὐδεὶς
885 963 961 1003 οὐδ’
993 964 1095 1012 ἅπαξ
1131 966 1249 1006 αὐτῶν
1275 968 1407 1021 ἀγωνί-

222 1033 354 1080 ζεσθαι
379 1028 460 1084 περὶ
488 1030 639 1068 Θανάτου
671 1029 789 1082 τολμᾷ
818 1030 916 1069 ἀλλὰ
945 1030 1001 1070 τὸν
1030 1036 1101 1070 τῶν
1129 1032 1409 1087 οἶνδραποδιςῶν

224 1098 285 1137 καὶ
312 1095 532 1136 λωπυδυτῶν
563 1095 714 1135 θάνατον
744 1096 880 1150 μᾶλλον
912 1098 1088 1153 αἱροῦνται
1123 1102 1183 1138 τοῦ
1214 1103 1409 1156 προσήκον-

224 1181 299 1210 τος.
335 1164 548 1220 [κακούργου
574 1163 637 1215 μὲν
667 1167 743 1220 γάρ
771 1164 826 1209 ἐςι
857 1164 1014 1220 κριθέντ’
1049 1165 1276 1217 α’ποθανεῖν,
1312 1182 1407 1222 ςρα-

225 1235 332 1287 τηγοῦ
368 1230 410 1270 δὲ
446 1231 645 1284 μαχόμενον
680 1232 749 1276 τοῖς
783 1230 991 1283 πολεμίοις]
1032 1230 1106 1268 isto
1143 1232 1411 1270 additamento

224 1308 263 1340 et
291 1299 528 1338 contumelia
555 1298 601 1335 fit
632 1298 879 1335 auditoribus
904 1304 941 1335 et
974 1300 1198 1336 concitatae
1227 1299 1415 1337 orationis

225 1365 470 1404 vehementia
490 1363 697 1415 frangitur.
726 1362 775 1400 At
798 1364 896 1401 levia
919 1364 999 1401 fere
1020 1364 1090 1401 ista
1115 1370 1203 1401 sunt
1223 1364 1273 1402 ad
1288 1364 1405 1410 haec,

224 1445 331 1485 quae
353 1432 394 1470 in
418 1418 596 1469 oratione
621 1443 695 1482 pro
722 1428 877 1467 Corona
900 1430 1032 1468 adhuc
1062 1431 1241 1469 feruntur
1264 1446 1303 1482 p.
1320 1431 1412 1470 239.

228 1500 376 1538 άκούετε
403 1498 451 1541 ὡς
477 1501 597 1552 σαφῶς
622 1495 732 1538 δηλοῖ
757 1495 818 1534 καὶ
843 1495 1033 1551 διορίζεται
1066 1496 1102 1535 ἐν
1129 1502 1171 1549 τῇ
1199 1497 1284 1551 πρὸς
1315 1495 1411 1549 ὑμᾶς

227 1565 371 1617 ἐπις-ολῇ
396 1564 484 1619 πρὸς
512 1562 589 1608 τοὺς
612 1563 737 1602 ἑαυτοῦ
763 1566 979 1616 συμμάχους
1007 1568 1079 1603 ὅτι·
1111 1563 1212 1604 ταῦτ’
1246 1562 1317 1616 ἐγὼ
1348 1578 1413 1603 πε-

229 1633 359 1675 ποίηκα
386 1632 547 1671 α’κόντων
572 1634 643 1668 τῶν
668 1629 873 1675 Ἀθηναίων
902 1629 963 1668 καὶ
991 1631 1214 1685 λυπουμένων
1234 1630 1300 1675 ὦς’
1321 1631 1416 1685 εἴπερ

228 1695 265 1739 εὖ
285 1701 462 1755 φρονεῖτε,
485 1694 515 1736 ὦ
537 1695 694 1748 Θηβαῖοι
713 1695 772 1735 καὶ
793 1695 993 1748 Θετταλοί,
1017 1698 1158 1743 τούτους
1181 1697 1242 1750 μὲν
1263 1696 1417 1752 ἐχθροὺς

227 1766 489 1818 ὑπολήψεσθε,
525 1764 601 1817 ἐμοὶ
628 1763 671 1802 δὲ
702 1765 899 1808 πιςεύσετε.
936 1764 990 1814 [οὗ
1019 1765 1151 1809 τούτοις
1189 1767 1257 1808 τοῖς
1286 1764 1416 1819 ῥήμασι

227 1834 378 1889 γράψας
401 1834 518 1869 ταῦτα
539 1828 582 1868 δὲ
609 1829 813 1882 βουλόμενος
841 1828 1045 1881 δεικνύναι]
1075 1831 1143 1868 ubi
1166 1832 1314 1869 mireris
1337 1832 1417 1869 cui-

229 1910 352 1949 quam
381 1897 583 1934 hominum
612 1897 652 1933 in
683 1902 851 1933 mentem
880 1898 1012 1934 venire
1042 1898 1215 1948 potuisse
1243 1903 1322 1935 tam
1356 1898 1417 1936 in-

232 1966 377 2004 sulsam
416 1963 828 2001 observantiunculam
868 1963 1110 2009 adscribere,
1158 1964 1228 2002 nisi
1271 1965 1416 2016 cogites

231 2036 405 2083 quantus
454 2035 634 2067 veternus
680 2035 718 2067 et
764 2030 914 2066 senium
961 2030 1030 2067 diu
1078 2029 1418 2081 Constantinopoli

233 2096 411 2135 omnium
452 2094 609 2147 ingenia
648 2100 685 2131 et
720 2094 869 2132 animos
911 2096 1159 2146 oppresserit.
1217 2095 1303 2134 Non
1344 2095 1418 2134 fuit

234 2160 495 2199 Demosthene
520 2161 561 2198 in
590 2173 636 2198 ea
660 2172 701 2197 re
735 2160 943 2199 Aeschines
970 2162 1224 2207 fortunatior,
1265 2164 1336 2214 qui
1370 2162 1420 2200 de

234 2228 346 2267 Falsa
375 2227 512 2280 Legat.
540 2242 581 2279 p.
602 2222 672 2265 '31.
703 2232 868 2279 putatur
893 2228 1053 2267 dixisse:
1083 2228 1101 2267 ὁ
1130 2227 1173 2268 δὲ
1200 2230 1301 2271 οὐδὲν
1326 2232 1420 2283 ἔχων

232 2298 396 2351 ἄπρατον
418 2295 519 2349 μέρος
548 2296 609 2334 τοῦ
635 2295 803 2346 σώματος
825 2292 902 2332 οὐδ’
923 2295 1006 2333 ὅθεν
1029 2296 1093 2337 τὴν
1115 2297 1231 2350 φωνὴν
1259 2297 1419 2350 προΐεται
