1572 2801
728 218 782 261 61

329 354 373 400 εἰς
402 358 517 394 ταῦτα
546 352 622 397 τοὺς
651 353 824 404 τυχόντας
852 351 950 389 ἀλλὰ
978 352 1179 405 κατέλεγεν’

329 422 368 460 ἐκ
396 427 465 461 τῶν
492 422 643 460 πολιτῶν
669 418 799 458 δώδεκ’
830 418 963 471 &visae
974 451 988 468 ,
1015 418 1187 471 ἐπιμελῶς

332 487 543 542 ἐκλεξαμένη
572 487 651 532 τοὺς
688 485 736 524 ἐκ
772 485 994 528 ὃυνας-ῶν
1030 488 1239 538 γεγονότας,

333 559 480 608 ἔχοντας
508 556 626 599 οὐσίας
637 586 652 604 ,
681 552 799 596 καλῶς
829 550 1062 603 βεβιωκότας.

223 620 327 658 Nulli
349 627 459 658 erant
482 620 643 657 Athenis
661 617 834 661 δυνάςαι.
867 630 953 653 vera
984 618 1100 653 lectio
1126 618 1218 654 latet
1243 619 1282 654 in
1304 619 1355 654 le.-

172 686 299 724 ctione
322 684 490 728 codicis‚
518 683 611 720 olim
633 681 902 733 depravatajn
918 680 1077 731 reliquis
1093 682 1350 733 apographis,

173 751 346 800 ὃυαςῶν,
375 762 465 787 nam
489 752 607 799 poeta
632 747 815 784 dederat:
847 744 902 784 δύ’
930 747 1046 790 ἀςῶν.
1093 747 1148 783 Ne
1171 748 1356 784 levissima

167 815 328 867 quidem
354 814 532 852 lectionis
568 811 831 862 discrepantia
862 813 907 848 in
940 811 1024 849 loco
1052 818 1247 864 corrupto
1274 813 1355 851 sine

167 880 345 931 periculo
383 879 527 930 negligi
567 883 604 914 et
651 876 848 914 contemni
886 883 1028 927 potest.
1082 878 1192 915 Dabo
1235 892 1356 916 unum

171 946 392 996 exemplum
416 944 483 982 sed
513 943 770 981 luculentum.
807 941 993 979 Eusebius
1020 944 1060 980 in
1089 944 1246 982 Stobaei
1267 945 1355 982 Flo-

172 1012 308 1062 rilegio
336 1012 382 1048 X.
404 1010 469 1047 31.
498 1009 536 1048 τὸ
554 1008 754 1061 οἷκονομέειν
773 1007 819 1045 τὰ
839 1010 1016 1062 παρεόντα
1039 1009 1165 1065 ἀνδρὸς
1194 1013 1349 1065 προνάου.

176 1077 215 1115 τὸ
247 1075 289 1114 δὲ
322 1075 409 1129 μηδ’
443 1076 533 1121 ὅλως
564 1075 684 1114 ἐθέλειν
715 1077 749 1119 ἔς
781 1088 813 1112 τι
850 1076 967 1124 (male
1002 1075 1131 1112 editur
1167 1077 1238 1127 ἐςὶ)
1284 1084 1354 1117 τῶν

174 1140 322 1181 δεόντων
350 1143 525 1197 χρέεσὲαι
563 1140 794 1179 οὐδέποτε
832 1144 919 1177 τῶν
959 1142 1257 1195 κτηθέντων,
1286 1161 1352 1184 κα-

176 1208 486 1261 ταδεδουλωμένον
518 1208 561 1246 δὲ
591 1207 715 1246 ἑωυτὸν
746 1211 816 1245 τῶν
850 1209 1045 1261 χρημάτων
1073 1206 1127 1252 ἐςὶ
1155 1216 1196 1261 τῇ
1219 1216 1351 1254 κτήσει,

172 1273 311 1324 Spreta
340 1280 396 1311 est
424 1274 541 1311 lectio
571 1273 719 1310 codicis
747 1273 848 1310 ὠτῶν
875 1285 947 1322 pro
977 1277 1060 1311 τῶν.
1105 1274 1194 1312 Sola
1228 1282 1356 1315 tamen

171 1346 297 1377 servat
325 1341 510 1391 antiquae
541 1341 760 1390 scripturae
795 1340 996 1376 manifesta
1033 1341 1211 1392 vestigia,
1254 1358 1355 1394 quae

174 1411 249 1443 est:
287 1405 325 1444 οὺ
366 1404 544 1446 δεσπότεω
583 1410 652 1444 τῶν
685 1406 889 1448 κτηθέντων.
950 1405 1198 1457 Saepissime,
1243 1411 1355 1461 quod

173 1472 289 1509 etiam
324 1473 445 1523 magis
480 1472 665 1522 pusillum
703 1472 880 1516 videtur,
924 1478 1111 1509 accentus
1149 1487 1355 1525 perperam

170 1537 338 1587 positus,
371 1536 636 1587 pessumdedit
664 1537 904 1573 sententiam.
950 1537 1059 1574 Multi
1081 1544 1170 1576 sunt
1194 1541 1262 1590 qui
1288 1554 1355 1578 ac-

174 1607 361 1638 centuum
401 1602 591 1638 rationem
626 1602 666 1637 in
705 1601 856 1638 Graeco
891 1614 1066 1638 sermone
1094 1605 1272 1641 nesciunt
1309 1619 1356 1643 ac

172 1666 339 1717 proinde
359 1666 616 1717 vilipendunt.
647 1665 695 1702 At
716 1678 830 1702 nemo
854 1672 980 1715 potest
1000 1666 1040 1703 in
1060 1666 1215 1706 Graecis
1240 1670 1357 1710 literis

174 1730 339 1768 multum
367 1730 580 1782 proficere,
623 1730 692 1779 qui
722 1736 908 1767 accentus
934 1743 1014 1767 non
1044 1733 1165 1781 probe
1198 1736 1352 1773 calleat.

175 1797 380 1836 caecutire
405 1801 441 1832 et
468 1794 636 1831 titubare
663 1806 819 1831 necesse
846 1795 916 1831 erit
948 1807 1100 1847 semper
1127 1798 1166 1834 in
1206 1805 1355 1849 etymo—

173 1864 300 1914 logia,
330 1863 371 1899 in
399 1860 603 1911 analogia,
633 1860 673 1897 in
699 1858 920 1910 quantitate
943 1861 1181 1911 syllabarum
1207 1878 1356 1917 cogno..

173 1928 337 1973 scenda,
369 1927 546 1978 quisquis
571 1928 693 1963 nescit
721 1933 922 1971 accentuS‚
956 1928 1183 1966 certissimos
1218 1931 1354 1970 harum

175 1994 349 2032 omnium
376 2005 506 2029 rerum
538 1992 699 2029 indices.
740 1990 838 2028 Vide
868 1991 1081 2030 Porsonum
1106 1994 1156 2031 ad
1182 1995 1354 2035 Medeam

175 2073 229 2098 vs.
251 2060 284 2096 1.
316 2059 363 2095 In
383 2071 425 2095 re
447 2058 583 2095 critica
598 2070 717 2108 quem
739 2070 849 2094 usum
878 2057 1048 2094 habeant
1073 2061 1208 2110 paucis
1231 2073 1354 2099 exem-

173 2125 249 2176 plis
268 2123 484 2162 ostendam.
514 2121 777 2172 Epicharmus
803 2127 870 2158 aut
897 2122 1032 2158 saltem
1056 2126 1173 2173 poeta
1196 2126 1354 2163 Doricus

174 2190 373 2240 antiquior
402 2186 510 2239 apud
534 2186 646 2237 Diog.
673 2187 799 2223 Laert.
827 2186 897 2223 111.
934 2186 991 2223 16.

337 2253 537 2305 Θαυμαςὸν
563 2252 664 2292 οὐδὲν
690 2253 759 2306 ἁμὲ
788 2252 885 2291 ταῦθ’
914 2254 1002 2291 οὕτω
1032 2254 1138 2304 λέγειν

334 2318 394 2357 καὶ
420 2320 584 2359 ἁνδάνειν
612 2319 768 2358 αὐτοῖσιν
796 2317 919 2362 αὐτοὺς
946 2317 1005 2356 καὶ
1031 2318 1147 2357 δοκεῖν
