1572 2801
806 177 865 220 24

213 313 367 356 incerta
394 311 642 353 divinatione
667 323 889 367 possumus
910 312 1121 369 expiscari.
1162 311 1373 354 Praeterea

214 386 388 428 lectores
409 383 521 426 docti
543 383 779 440 indoctique
802 384 951 441 passim
976 386 1017 426 in
1041 385 1242 428 librorum
1264 399 1373 426 mar-

217 457 382 515 ginibus
409 457 651 499 adleverunt
678 456 833 513 aliquid
860 457 1166 515 explicationis,
1200 458 1232 499 si
1261 456 1376 514 quod

218 531 436 587 antiquum
470 531 532 572 vel
564 530 696 571 rarius
728 529 977 571 vocabulum
1009 530 1073 572 vel
1103 530 1271 585 antiqua
1294 530 1377 571 dia·

215 602 350 645 lectus
391 602 455 644 vel
498 616 647 644 nomen
688 602 902 658 proprium
946 607 1200 644 occurreret:
1244 600 1308 642 vel
1345 601 1378 641 si

219 674 323 731 quid
356 667 408 716 ad
440 675 679 716 sententiam
701 673 983 730 explicandam
1011 678 1083 715 aut
1105 672 1379 730 supplendam

221 748 300 792 sibi
326 747 575 790 monendum
598 746 823 790 videretur:
852 747 917 790 vel
941 746 1138 789 iudicium
1163 761 1286 789 suum
1311 745 1380 788 ad-

220 822 495 878 scripserunt,
542 821 615 863 ubi
659 820 875 862 videbatur
922 821 1078 876 aliquid
1126 821 1382 862 laudandum

220 899 295 938 aut
325 892 604 952 carpendum:
643 908 750 950 quae
785 893 919 935 omnia
962 892 1164 950 adscripta
1200 893 1383 949 primum

221 973 295 1009 aut
326 967 602 1022 superscripta
642 965 805 1006 tandem
843 966 1096 1020 irrepserunt
1127 966 1169 1005 in
1198 970 1381 1018 textum,

220 1038 403 1096 expulsis
424 1051 544 1093 saepe
566 1036 753 1093 genuinis
774 1034 1052 1089 succedentia,
1081 1049 1200 1093 saepe
1221 1036 1263 1078 in
1290 1036 1384 1079 alie-

217 1127 320 1154 num
347 1112 488 1153 locum
508 1110 660 1151 inserta
685 1095 933 1164 sensumque
962 1108 1183 1151 turbantia.
1227 1111 1382 1166 Super-

224 1198 396 1237 venere,
428 1187 589 1239 reperta
621 1186 707 1224 arte
737 1180 1058 1238 typographica,
1096 1182 1216 1238 primi
1247 1182 1385 1225 edito-

221 1272 310 1311 res,
341 1256 452 1298 docti
483 1269 579 1297 sane
609 1255 795 1296 homines
830 1260 878 1295 ut
910 1268 986 1310 pro
1015 1254 1096 1296 illis
1130 1257 1388 1313 temporibus

219 1336 262 1374 et
282 1330 518 1386 diligentes,
551 1328 622 1370 sed
650 1328 834 1370 destituti
856 1342 901 1369 ea
925 1330 1178 1371 accuratiore
1203 1330 1388 1373 doctrina

224 1418 307 1460 qua
333 1416 447 1444 nunc
469 1406 564 1456 post
594 1400 793 1442 indefessa
815 1401 941 1441 trium
968 1401 1229 1452 saeculorum
1255 1402 1389 1443 studia

226 1474 469 1533 gaudemus.
526 1474 579 1516 Hi
610 1489 915 1531 quemcumque
945 1476 1126 1531 primum
1157 1476 1340 1519 codicem
1366 1492 1390 1519 e

226 1549 310 1590 situ
346 1552 387 1589 et
421 1547 613 1602 squalore
644 1552 901 1602 protractum
930 1548 999 1588 vili
1035 1549 1167 1604 pretio
1208 1553 1391 1590 emerant

224 1633 399 1678 propere
436 1618 578 1672 edere,
620 1622 714 1674 post
751 1618 970 1661 editionem
1002 1621 1201 1677 scriptum
1234 1621 1389 1664 librum

224 1697 372 1749 utpote
389 1692 549 1734 nullius
570 1692 649 1733 iam
669 1692 788 1747 pretii
804 1691 978 1734 abiicere
990 1692 1196 1747 solebant,
1215 1694 1257 1734 id
1274 1694 1389 1750 quod

227 1764 358 1808 Aldos
401 1778 569 1821 quoque
601 1763 803 1806 factitasse
833 1764 1010 1806 Venetiis
1041 1766 1235 1822 comperi.
1286 1767 1393 1809 Hinc

231 1852 353 1894 saepe
381 1852 431 1880 ex
461 1851 545 1879 uno
580 1837 766 1879 omnium
796 1836 1014 1880 deterrimo
1044 1838 1185 1880 codice
1211 1838 1395 1881 Graecus

234 1911 412 1967 scriptor
442 1909 616 1951 maculis
644 1915 685 1951 et
715 1910 873 1952 mendis
907 1911 1064 1953 obsitus
1089 1913 1269 1969 primum
1299 1927 1394 1969 pro-

234 1983 311 2026 diit
339 1983 381 2023 in
406 1981 667 2024 lucem:.has
690 1983 888 2026 editiones
912 1985 980 2026 alii
1005 1985 1150 2027 crebro
1177 2000 1272 2028 cum
1296 1987 1395 2043 ipsis

234 2056 343 2099 vitiis
384 2055 656 2111 repetierunt,
703 2055 772 2097 alii
814 2057 887 2112 qui
929 2057 1200 2099 correctiones
1239 2062 1397 2099 tentare

235 2129 461 2172 voluerunt
500 2127 735 2169 audendum
781 2129 938 2185 aliquid
977 2132 1019 2172 in
1060 2145 1103 2172 re
1144 2130 1397 2172 conclamata

239 2201 423 2245 arbitrati
460 2200 662 2244 demendo
689 2201 876 2245 addendo
899 2208 940 2245 et
962 2205 1107 2260 quovis
1129 2203 1251 2246 modo
1278 2205 1398 2247 inter-

238 2275 422 2333 polando
444 2274 567 2318 fidem
586 2274 790 2319 librorum
811 2275 981 2319 dubiam
1003 2277 1282 2321 reddiderunt.
1326 2278 1400 2321 His
