1572 2801
768 188 855 232 152

220 334 393 375 quorum
421 320 573 359 assidua
600 321 770 359 lectione
787 320 892 359 nihil
918 326 975 360 est
1003 320 1055 360 ad
1080 320 1197 360 crisin
1222 333 1411 363 exercen-

222 390 314 428 dam
340 388 591 427 fructuosius.
643 386 792 427 »Unus
825 386 1055 439 Hesychius
1083 389 1263 427 scienter
1284 393 1404 441 peri-

223 461 342 507 teque
378 459 584 492 tractatus
615 456 657 491 sz'
687 467 771 491 non
792 453 943 504 plures
976 458 1086 492 certe
1112 454 1302 493 meliores
1333 469 1408 493 va-

221 523 384 559 riantes
414 520 698 573 suppeditabit
734 533 857 572 quam
893 534 1029 560 omnes
1058 523 1236 560 omnium
1265 522 1407 561 biblio-

220 587 431 625 thecarum
452 592 611 624 veteres
625 586 914 624 membranae”
937 587 1175 625 verissimum
1199 594 1255 626 est
1269 587 1409 627 Ruhn-

220 654 328 692 kenii
354 652 545 691 iudicium
586 651 644 704 (in
676 651 846 690 Praefat.
881 651 933 689 ad
968 652 1138 703 Hesych.
1170 653 1222 692 11.
1248 668 1288 705 p.
1313 653 1402 705 IX.)

219 720 332 773 quod
354 720 464 758 novis
487 731 640 771 semper
659 718 906 756 documentis
929 717 1197 757 confirmatur.
1227 720 1409 759 Feliciter

221 787 274 826 ad
301 785 484 838 Aeschyli
513 785 622 838 Sept.
650 785 741 824 adv.
769 784 892 823 Theb.
921 798 974 824 vs.
1008 783 1083 822 146
1110 797 1170 837 sq.

547 854 592 893 σύ
621 854 653 893 τ’
681 851 710 893 ὦ
736 853 959 907 Λατογένεια
986 852 1097 907 κούρα

546 920 647 968 τόξον
673 916 710 960 εὖ
737 924 915 968 πυκάζου.

217 987 398 1026 adhibuit
435 985 661 1024 Dindorfius
696 987 961 1038 Hesychium:
1002 986 1224 1039 εὐτυκάζου,
1263 989 1406 1028 εὔτυκον

220 1056 309 1107 ἔχε,
335 1055 482 1104 ἕτοιμον.
539 1052 771 1090 Felicissime
807 1052 912 1089 idem
943 1052 984 1090 in
1021 1052 1132 1091 Thes.
1161 1052 1205 1090 L.
1235 1052 1279 1091 G.
1309 1065 1407 1093 voce

222 1120 512 1171 καταπλίσσομαι
541 1130 632 1156 cum
659 1117 930 1169 Aristophanis
961 1118 1202 1169 fragmento:

405 1183 428 1228 ἦ
455 1187 525 1237 μὴν
552 1185 632 1230 ἴσως
660 1184 704 1224 σὺ
732 1185 993 1239 καταπληγήσῃ
1022 1190 1073 1240 τῷ
1099 1186 1231 1240 χρόνῳ.

328 1254 374 1292 Β.
405 1251 445 1292 τὸ
470 1251 733 1305 καταπληγήσῃ
762 1255 863 1290 τοῦτο
894 1252 995 1306 παρὰ
1023 1256 1093 1291 τῶν
1120 1252 1292 1309 ῥητόρων.

217 1318 440 1371 composuit
465 1318 598 1355 locum
629 1317 736 1355 hunc
764 1317 968 1369 Hesychii:
1000 1318 1334 1373 καταπληγκμήσειε
1365 1320 1404 1360 τὸ

215 1386 319 1440 βῆμα
347 1385 597 1439 καταπλῆγμα
625 1385 780 1439 λέγουσι.
812 1386 850 1425 τὸ
872 1382 928 1426 οὖν
954 1389 1163 1429 καταὲἧσαι
1189 1390 1403 1441 μετάγοντες

216 1453 288 1494 ἀπὸ
319 1458 390 1492 τῶν
420 1452 628 1517 κυλιομένων
660 1452 720 1491 καὶ
752 1455 823 1498 τοῖς
858 1452 936 1493 ποσὶ
971 1457 1265 1509 κατατρεχόντων
1292 1456 1402 1501 οὕτως

218 1533 306 1591 φασὶ
343 1522 627 1588 κατακρατηθῖι.
670 1532 752 1584 (Sic
774 1534 913 1571 unicus
935 1533 1094 1583 codex.)
1114 1534 1332 1571 felicissime
1352 1534 1404 1572 vi-

216 1602 274 1638 dit
299 1599 511 1652 utrobique
530 1599 785 1653 καταπλιγήσει
809 1612 889 1637 esse
913 1600 1211 1652 corrigendum,
1238 1606 1277 1638 at
1302 1601 1405 1639 mul-

214 1673 298 1705 tum
332 1665 526 1704 aberravit
560 1665 610 1703 ab
640 1665 925 1717 significatione
956 1665 1063 1704 verbi
1093 1668 1403 1708 καταπλίσσεσθαι

213 1746 346 1785 neque
382 1733 482 1770 adeo
510 1731 872 1783 interpretationem
909 1730 1089 1782 Hesychii
1121 1739 1229 1771 recte
1256 1736 1402 1773 consti·

214 1807 325 1839 tuere
347 1800 492 1852 potuit.
522 1797 707 1837 Adhibita
734 1799 853 1836 altera
874 1798 997 1850 glossa
1021 1812 1057 1836 v.
1083 1799 1246 1854 πλίγμαι
1273 1801 1376 1855 βῆμα
1385 1834 1402 1855 ,

216 1866 290 1907 ἀπὸ
310 1870 381 1905 τῶν
403 1865 615 1917 κυλιομένων
641 1864 701 1903 καί
725 1864 945 1903 παλαιόντων
966 1867 1052 1904 ὅταν
1076 1866 1306 1921 παραβάντες
1332 1870 1403 1913 τοῖς

217 1931 360 1972 σκέλεσι
387 1932 606 1983 κατέχωσιν,
634 1930 717 1980 (ubi
744 1931 828 1982 lege
856 1930 1064 1987 περιβάντες
1075 1964 1091 1983 ,
1123 1933 1228 1971 unde
1251 1932 1403 1989 περιβά-

216 1998 285 2042 δην
318 1999 357 2036 in
381 1999 518 2036 eadem
546 2010 587 2035 re
616 1998 786 2043 dieitur,
815 2003 852 2035 et
876 1999 1007 2036 omnia
1031 2004 1145 2036 erunt
1172 2000 1400 2052 perspicua)

217 2067 273 2105 sic
302 2065 553 2104 scribendum
588 2072 667 2103 est:
696 2065 977 2120 καταπλιγήσειι
1007 2066 1333 2123 κατακρατηὲήσῃ.
1364 2067 1405 2106 τὸ

221 2133 326 2188 βῆμα
361 2133 434 2188 γὰρ
471 2132 610 2186 πλίγμα
638 2132 791 2185 λέγουσι.
830 2133 870 2173 τὸ
901 2129 957 2173 οὖν
987 2138 1261 2189 κατακρατῆσαι
1287 2137 1403 2187 μετοί-

220 2217 340 2257 γοντες
377 2199 449 2239 ἀπὸ
491 2204 561 2239 τῶν
597 2199 807 2253 κυλιομένων
849 2199 909 2240 καὶ
946 2201 1016 2246 τοῖς
1062 2199 1141 2240 ποσὶ
1180 2203 1407 2254 κατεχόντων

220 2271 331 2313 οὕτως
358 2267 478 2323 φασίν.
520 2266 694 2306 Verbum
723 2273 779 2305 est
801 2268 851 2306 de
873 2269 1089 2320 palaestra:
1123 2266 1190 2305 ubi
1218 2269 1405 2320 quemad-

217 2336 380 2376 modum
419 2333 732 2386 κατακλιμακίζειν
768 2340 823 2373 est
863 2334 1021 2374 vincere
1056 2334 1319 2375 adversarium
1358 2347 1405 2374 ea
