1572 2801
737 191 828 239 104

194 339 339 383 magno
364 327 497 367 taedio
522 323 799 365 describebant
828 323 1103 365 dormitantes:
1131 324 1252 375 quale
1275 324 1377 365 illud

194 402 248 433 est
276 395 422 433 alicubi
453 393 564 444 apud
591 392 858 435 Athenaeum,
890 390 958 427 ubi
983 391 1026 427 in
1051 389 1279 441 Archetypo
1303 402 1377 428 co-

194 458 283 497 dice
321 459 509 509 scriptum
548 462 604 494 est
638 460 711 501 νῆες
746 444 812 507 κ-ε,
850 454 964 506 quod
1001 466 1125 506 quum
1160 454 1379 494 monachus

195 524 338 575 aliquis
364 524 406 560 in
431 522 546 560 Italia
579 521 816 560 describeret
843 533 918 573 pro
943 522 1126 571 quinque
1161 524 1202 557 et
1227 522 1380 571 vagina

195 588 387 639 deceptus
414 592 544 624 vetere
580 587 865 625 consuetudine
892 586 985 638 legit
1009 586 1130 640 κύριε,
1168 585 1279 623 cuius
1302 597 1378 623 no·

194 652 309 691 minis
334 652 616 705 compendium
643 659 698 690 est
725 641 764 692 ἵε
790 652 1042 690 tritissimum.
1086 650 1257 702 Reliqua
1286 662 1380 702 pars

194 717 452 768 discrepantis
464 718 684 769 scripturae
697 718 864 757 debetur
877 715 1180 760 correctoribus,
1202 715 1253 753 de
1273 727 1377 767 quo-

194 795 283 820 rum
297 782 513 820 temeritate
524 782 616 820 satis
629 782 811 820 diximus.
845 781 990 818 Possim
1013 779 1090 817 hoc
1114 780 1155 816 in
1179 779 1380 830 Sophocle

194 853 233 885 et
267 846 465 898 Aeschylo
496 847 719 894 ostendere,
756 848 827 899 qui
860 846 1018 885 tandem
1054 845 1270 896 aliquando
1304 845 1377 883 ista

195 912 312 951 turba
336 918 375 950 et
402 912 597 964 farragine
625 913 859 951 variantium
883 912 1119 955 lectionum,
1149 910 1254 947 unde
1279 910 1378 948 nihil

192 978 285 1015 boni
311 978 394 1014 erui
418 960 568 1026 potesi,
600 976 792 1014 liberandi
816 980 954 1021 erunt,
982 974 1218 1025 simulatque
1244 974 1294 1012 de
1317 974 1375 1012 le·
1418 1014 1421 1017 ,

191 1041 389 1079 ctionibus
417 1040 624 1093 archetypi
660 1040 812 1079 codicis
846 1040 996 1091 ubique
1028 1045 1135 1078 certa
1165 1039 1246 1078 fide
1277 1052 1375 1078 con-

189 1107 319 1145 stabit.
363 1106 577 1145 Ostendam
605 1106 712 1145 brevi
747 1107 789 1144 in
815 1105 1044 1150 Athenaeo,
1073 1105 1145 1156 qui
1170 1110 1208 1141 et
1230 1105 1314 1155 ipse
1333 1105 1376 1142 in

182 1186 265 1211 uno
306 1172 447 1210 codice
487 1177 661 1210 servatus
701 1176 777 1217 est,
820 1182 940 1223 quem
984 1169 1118 1208 adhuc
1167 1168 1374 1216 habemus,

185 1238 293 1276 circa
321 1237 574 1275 undecimum
603 1236 804 1273 saeculum
830 1235 1057 1272 nitidissime
1080 1236 1120 1273 in
1141 1235 1376 1273 membranis

185 1302 399 1353 scriptum,
427 1313 537 1339 nunc
560 1301 782 1338 Marcianae
807 1299 1075 1338 Bibliothecae
1096 1299 1262 1354 ἄγαλμα.
1294 1300 1375 1339 Re-

185 1367 317 1418 liquos
340 1379 475 1405 omnes
501 1366 693 1404 Athenaei
722 1366 881 1404 codices
901 1378 949 1404 ex
974 1366 1049 1403 hoe
1074 1379 1154 1404 uno
1175 1366 1273 1404 libro
1295 1366 1373 1404 flu-

182 1431 280 1468 xisse
307 1431 461 1469 dudum
487 1432 641 1482 liquido
674 1437 840 1469 constat.
887 1430 992 1479 Quid
1028 1436 1084 1469 est
1118 1431 1258 1483 igitur,
1302 1442 1377 1468 cur

186 1496 290 1533 male
316 1495 442 1534 seduli
470 1496 639 1535 sutilium
666 1496 989 1548 apographorum
1014 1497 1106 1535 vitia
1133 1502 1313 1534 notemus
1338 1502 1377 1534 et

190 1559 349 1597 criticos
388 1560 623 1597 inducamus
661 1562 703 1599 in
742 1573 934 1606 errorem,
981 1562 1053 1612 qui
1092 1562 1134 1599 in
1172 1561 1377 1599 Athenaeo

189 1622 437 1662 emendando
453 1625 615 1676 ‘saepius
638 1624 783 1664 nubem
804 1638 878 1678 pro
898 1625 1048 1664 Iunone
1065 1627 1383 1679 amplectunturr

191 1689 319 1737 Quid,
355 1691 386 1727 si
421 1691 630 1728 ostendero
666 1692 874 1743 Epitom'en
901 1704 1006 1743 quae
1034 1692 1157 1729 fertur
1183 1692 1374 1732 Athenaei

188 1768 239 1793 ex
263 1755 339 1793 hoc
359 1758 449 1809 ipso
480 1755 694 1795 Marciano
718 1757 854 1796 codiee
875 1763 966 1795 ante
990 1757 1180 1796 Eustathii
1201 1764 1377 1809 tempora

191 1820 242 1858 ab
279 1822 416 1871 aliquo
457 1821 653 1859 Graeculo
693 1823 747 1858 ita
788 1823 1009 1859 confectam
1050 1834 1149 1866 esse,
1190 1828 1234 1858 ut
1267 1823 1377 1861 locos

191 1883 347 1935 gravius
374 1889 584 1936 corruptos
611 1884 663 1922 ad
692 1897 814 1923 unum
842 1896 976 1923 omnes
1008 1885 1224 1932 omitteret,
1255 1887 1381 1927 levius

191 1947 353 1986 affectos
382 1955 425 1986 ut
450 1949 761 1986 commodissime
785 1950 915 2000 potuit
943 1961 990 1987 ex
1015 1951 1173 2001 ingenio
1195 1953 1373 1991 restitue-

193 2019 272 2050 ret:
302 2025 407 2063 quae
426 2025 487 2050 res
512 2018 591 2049 tam
616 2013 816 2051 manifesta
839 2019 911 2060 est,
943 2019 986 2051 ut
1008 2015 1201 2054 neminem
1224 2016 1375 2056 Graece

191 2077 376 2115 scientem
404 2082 442 2114 et
471 2078 512 2114 in
540 2083 623 2115 arte
652 2079 789 2116 critica
813 2091 893 2117 non
920 2079 1039 2130 plane
1066 2079 1279 2131 hospitem,
1308 2084 1375 2122 cui

191 2141 400 2191 antiquum
409 2141 553 2179 librum
565 2142 807 2181 Marcianum
817 2143 948 2181 videre
957 2148 995 2181 et
1007 2148 1194 2182 excutere
1203 2146 1375 2200 contige·

190 2207 257 2252 rit,
281 2205 350 2244 diu
364 2207 484 2258 possit
499 2207 632 2244 latere.
660 2207 774 2246 Istius
789 2208 955 2246 hominis
969 2209 1249 2256 correctiones,
1268 2224 1374 2263 quae

192 2271 326 2310 adhuc
356 2272 598 2310 vetustissimi
633 2273 783 2312 codicis
818 2273 1094 2313 auctoritatem
1124 2273 1370 2323 habuerunt,
