1572 2801
750 244 775 286 7

178 390 321 418 eorum
355 377 536 432 labores,
565 379 636 435 qui
662 384 799 420 nostra
825 379 1059 434 praesertim
1092 378 1290 421 memoria
1312 394 1341 421 e·

178 449 345 490 remotis
366 449 503 492 Indiae
534 449 758 492 recessibus
783 463 909 491 novas
932 451 1016 491 vias
1040 450 1091 508 ad
1115 453 1332 509 retegenda

176 519 343 564 humani
369 523 564 565 sermonis
588 521 811 580 primordia
838 530 1105 580 aperuerunt:
1127 525 1220 567 laeti
1244 540 1333 582 gra·

176 593 289 649 tique
320 594 448 635 felicis
482 593 686 635 sollertiae
713 595 968 635 suavissimas
994 596 1192 651 primitias
1218 613 1335 641 acce-

174 667 312 722 pimus
353 681 429 708 nec
465 681 566 707 vana
602 680 674 722 spe
712 666 834 723 plura
865 668 906 709 in
944 668 1050 710 diem
1087 675 1128 711 et
1161 672 1332 713 certiora

172 743 338 779 erutum
360 738 409 778 iri
440 743 735 794 exspectamus.
796 739 875 781 Sed
906 740 1182 783 Grammatico
1216 748 1332 784 vete-

173 824 237 851 res
276 809 559 866 interpretanti
600 809 700 851 haec
733 812 863 866 prima
892 827 992 853 cura
1021 818 1101 866 est,
1137 819 1185 855 ut
1221 815 1334 869 quod

172 881 287 924 adest
316 889 536 937 cognoscat
559 888 598 924 et
628 883 791 939 linguae
816 885 1044 941 superstitis
1069 892 1331 928 monumenta

171 961 434 1013 perscrutans
460 956 661 1012 cuiusque
686 954 876 998 vocabuli
904 954 1075 997 formam
1101 962 1143 999 et
1170 971 1332 999 sensum

172 1026 226 1068 ab
254 1028 352 1084 ipsis
385 1027 589 1070 veteribus
618 1027 759 1069 discat.
819 1027 925 1069 Sunt
952 1028 1105 1084 quibus
1135 1029 1216 1071 hoc
1247 1036 1331 1072 stu-

173 1100 289 1143 dium
320 1101 409 1143 leve
443 1107 660 1158 totumque
690 1103 731 1143 in
763 1101 1053 1143 minutioribus
1078 1101 1245 1146 haerere
1272 1106 1332 1146 vi-

170 1173 328 1215 deatur.
389 1174 521 1226 Quam
560 1174 706 1215 vellem
734 1173 879 1214 harum
914 1174 1179 1216 minutiarum
1210 1191 1334 1218 accu-

169 1250 298 1287 ratam
343 1248 614 1301 cognitionem
649 1246 843 1289 afferrent
885 1261 1049 1301 omnes,
1080 1249 1151 1305 qui
1183 1250 1258 1291 toti
1290 1250 1331 1292 in

170 1319 386 1361 altioribus
427 1335 510 1362 non
546 1320 668 1362 verba
705 1321 833 1376 magis
869 1335 993 1376 quam
1026 1334 1089 1361 res
1120 1327 1161 1363 et
1197 1323 1332 1364 notio-

169 1407 241 1435 nes
279 1399 497 1435 sectantur.
559 1393 747 1446 Quorum
788 1392 925 1449 opinio
968 1407 1097 1448 quum
1131 1393 1211 1435 late
1246 1408 1332 1436 ser-

170 1481 267 1523 pere
297 1468 477 1522 coeperit
506 1466 819 1522 multorumque
843 1466 998 1507 animos
1032 1465 1086 1507 ita
1118 1467 1328 1521 invaserit,

171 1545 220 1581 ut
261 1554 356 1581 cum
402 1539 558 1580 minore
601 1538 741 1580 labore
785 1538 907 1595 plura
950 1553 997 1580 ac
1036 1541 1330 1595 praestantiora

170 1612 377 1668 extemplo
415 1612 570 1653 discere
607 1611 821 1668 postulent
863 1610 960 1652 huic
999 1612 1126 1653 errori
1167 1617 1331 1654 strenue

169 1684 328 1727 obviam
352 1689 413 1725 est
428 1683 624 1725 eundum.
654 1682 1009 1735 Quemadmodum
1025 1684 1132 1724 enim
1149 1683 1250 1737 nihil
1269 1689 1331 1725 est

169 1756 365 1799 insulsius
388 1761 428 1796 et
452 1757 579 1811 magis
606 1754 782 1811 puerile,
815 1769 938 1810 quam
967 1755 1009 1796 in
1036 1754 1224 1797 dictionis
1251 1770 1328 1797 no-

169 1831 223 1872 tis
250 1835 291 1871 et
322 1828 511 1869 formulis
539 1826 780 1883 colligendis
806 1832 978 1868 aetatem
1005 1831 1234 1880 conterere,
1269 1828 1329 1869 sic

156 1889 334 1958 ,illoruni
364 1900 617 1943 retundenda
648 1901 789 1942 levitas
814 1905 894 1953 est,
926 1900 997 1956 qui
1021 1898 1233 1955 repudiata
1265 1899 1329 1941 vel

169 1975 422 2032 negligenter
452 1979 642 2031 percepta
671 1973 944 2015 Grammatica
972 1972 1129 2014 ratione
1156 1972 1326 2028 scripto·

172 2063 264 2090 rum
294 2046 531 2089 sententiam
559 2044 686 2087 veluti
707 2043 948 2086 hariolando
976 2058 1117 2100 rapere
1141 2058 1183 2086 se
1210 2058 1331 2100 posse

167 2120 430 2163 arbitrantur.
491 2117 704 2175 Quidquid
747 2123 879 2160 mente
922 2123 993 2159 aut
1034 2118 1110 2174 ipsi
1149 2118 1328 2174 percipi-

169 2208 285 2248 mus,
308 2200 379 2236 aut
405 2193 628 2248 accipimus
649 2196 889 2248 perceptum
918 2191 972 2233 ab
994 2191 1102 2244 aliis,
1128 2190 1169 2231 id
1193 2189 1328 2232 verbis
1391 2218 1396 2223 -

167 2267 333 2309 demum
358 2267 561 2322 illigatum
592 2264 765 2321 intelligi
789 2270 940 2322 potest:
970 2266 1026 2307 ita
1056 2269 1104 2306 ut
1126 2263 1329 2320 quidquid

125 2372 127 2376 ‚
168 2328 466 2382 aud'imus·vel
512 2339 686 2395 legimus
730 2354 752 2380 a
795 2337 1039 2392 verborum,
1081 2352 1188 2394 quae
1229 2343 1328 2379 sunt
