1572 2801
713 197 801 241 156

158 334 343 376 versatos,
367 328 410 367 in
433 328 590 380 optimis
607 328 866 382 scriptoribus
885 327 980 367 dare
1002 328 1141 368 solent.
1179 330 1345 382 Optimis

158 396 296 441 rebus,
325 407 432 446 quae
454 394 535 433 huc
560 395 731 442 faciunt,
756 395 962 433 abundant
986 395 1133 446 scripta
1156 395 1340 442 Bentleii,

159 462 350 509 nemesii,
365 460 527 501 Porsoni
537 491 547 508 ‚
567 461 734 501 Elmsleii
746 492 755 509 ‚
773 461 959 507 Dobraei,
974 461 1080 501 unde
1096 474 1178 500 non
1193 469 1345 503 tantum

160 529 259 566 locis
283 528 479 579 corruptis
505 528 613 565 clara
634 528 704 565 lux
735 527 897 579 affulget
923 527 991 565 sed
1014 528 1206 578 paulatim
1230 528 1345 566 addi-

161 593 284 631 scitur
317 605 380 631 ars
407 592 631 644 quaedam,
670 605 752 644 qua
782 605 916 632 verum
950 604 1111 631 cernere
1138 599 1176 631 et
1208 606 1346 632 eruere

162 666 201 698 et
231 660 315 711 ipse
345 660 479 711 possis.
536 658 616 697 »In
643 659 721 697 hac
741 664 873 711 parte
900 658 962 710 (ut
987 659 1121 697 scribit
1151 661 1345 698 verissime

161 725 471 765 Valckenaerius
510 725 552 762 in
591 724 764 762 Diatribe
798 738 841 776 p.
871 722 983 776 277.)
1034 722 1346 764 Mathematicos·

160 791 415 830 imitamur.“
471 791 563 830 Plus
599 790 777 843 proderit
814 796 1031 829 extremum
1065 791 1164 829 illud
1203 805 1346 831 aureae

158 857 352 897 Diatribes
388 864 511 910 caput
537 857 706 896 multum
731 857 865 910 legisse
891 863 929 895 et
954 856 1155 910 quidquid
1181 860 1348 911 scripse-

156 931 250 964 runt
277 924 610 971 Valckenaerius‚
648 938 731 977 quo
761 938 877 963 nemo
903 925 1019 976 plura
1040 925 1195 963 felicius
1217 938 1344 963 emen-

157 991 287 1036 davit,
326 990 635 1028 Hemsterhusius
652 1019 662 1036 ,
709 991 973 1030 Ruhnkenius
1013 991 1160 1041 aliique
1197 991 1257 1029 his
1293 992 1345 1029 si-

154 1057 287 1104 miles,
327 1057 398 1109 qui
434 1056 626 1096 duratura
660 1063 911 1110 repererunt.
959 1070 1081 1108 quam
1119 1057 1161 1095 in
1197 1056 1345 1109 putidis

154 1122 403 1161 librariorum
427 1123 624 1161 erroribus
650 1129 819 1161 aetatem
842 1129 1056 1160 conterere.
1096 1123 1246 1160 Mature
1264 1123 1342 1174 igi-

155 1195 241 1236 tur,
271 1189 411 1242 optimi
437 1189 596 1228 iuvenes
623 1189 694 1241 qui
729 1189 864 1227 Literis
899 1188 1001 1227 datis
1026 1201 1210 1242 operam,
1249 1201 1343 1227 nam

151 1256 262 1295 vobis
287 1256 529 1308 potissimum
554 1248 655 1293 haec
686 1255 835 1301 scribo,
869 1255 1006 1293 discite
1040 1255 1184 1292 criticis
1217 1255 1342 1292 subsi-

152 1321 225 1359 diis
249 1326 358 1359 recte
381 1321 456 1366 uti,
487 1321 528 1358 in
549 1319 697 1371 quibus
723 1319 855 1357 adhuc
878 1325 968 1357 sunt
992 1319 1110 1359 πολλὰ
1130 1320 1193 1374 μὲν
1213 1318 1336 1359 ἐσθλὰ

153 1387 349 1442 μεμιγμένα
374 1386 507 1432 πλεῖς-α
538 1384 581 1425 δὲ
612 1385 745 1441 φαῦλα.
790 1384 932 1424 Cavete
966 1399 1017 1423 ne
1048 1387 1158 1425 vobis
1193 1387 1342 1425 librarii

150 1460 219 1493 aut
238 1453 445 1492 criticastri
463 1453 687 1505 imponant:
712 1451 849 1490 discite
868 1451 962 1489 mihi
983 1451 1131 1492 Graece
1153 1453 1204 1492 ab
1223 1452 1339 1492 Grae-

151 1522 225 1568 cis,
257 1533 358 1572 quos
380 1519 535 1558 assidua
557 1520 729 1558 lectione
752 1524 790 1556 et
813 1519 933 1558 veluti
957 1520 1159 1572 colloquio
1184 1522 1341 1573 penitus

150 1586 400 1638 cognoscite:
433 1584 638 1622 imitamini
670 1583 870 1635 principes
903 1584 1060 1622 criticos
1096 1592 1134 1623 et
1160 1587 1338 1624 animad-

149 1652 286 1692 vertite
309 1651 410 1704 quid
434 1651 529 1689 olim
552 1655 754 1702 repertum
780 1662 803 1687 a
831 1649 1039 1703 Scaligeris
1065 1657 1103 1690 et
1130 1653 1342 1705 stephanis

151 1726 189 1758 et
209 1720 451 1758 Casaubonis
470 1724 639 1757 aetatem
659 1717 791 1755 tulerit
816 1729 864 1755 ac
884 1718 1006 1764 vivat,
1030 1730 1207 1769 quocum
1231 1731 1340 1756 com·

150 1786 287 1838 ponite
309 1786 405 1824 alias
431 1785 598 1824 aliorum
618 1785 881 1830 coniecturas,
904 1796 1010 1836 quae
1031 1783 1140 1823 brevi
1160 1782 1339 1824 mortuae

152 1859 243 1891 sunt
268 1858 308 1891 et
337 1852 534 1891 abiectae:
564 1858 702 1890 contra
739 1851 906 1889 eandem
935 1851 1140 1890 sanitatem
1171 1852 1211 1890 in
1244 1853 1340 1890 scri-

149 1920 229 1972 ptis
260 1918 475 1957 celebrium
502 1919 751 1964 criticorum,
781 1917 853 1969 qui
876 1917 1062 1970 deinceps
1091 1918 1211 1970 pauci
1241 1931 1340 1957 sem-

151 1997 225 2037 per
248 1984 494 2029 floruerunt,
531 1984 732 2035 agnoscite
760 1982 1031 2034 eandemque,
1060 1985 1091 2020 si
1118 1984 1218 2035 quid
1248 1997 1340 2023 mox

153 2057 192 2089 et
210 2051 285 2103 ipsi
309 2048 524 2088 correcturi
547 2048 655 2093 estis,
685 2053 776 2085 ante
797 2047 931 2085 omnia
955 2048 1147 2099 quaerite.
1184 2050 1340 2089 Menan-

150 2117 224 2156 dro
250 2116 419 2155 credite:

298 2179 388 2221 πολὺ
415 2181 570 2236 κρεῖττόν
595 2179 670 2226 ἐςιν
695 2178 730 2219 ἓν
755 2179 875 2226 καλῶς
900 2181 1145 2234 μεμαθηκέναι

299 2250 321 2292 ἢ
349 2249 467 2289 πολλὰ
494 2248 635 2304 φαύλως
661 2246 951 2302 περιβεβλῆσθαι
978 2244 1195 2303 πράγματα.

155 2316 266 2370 quod
292 2330 415 2370 quam
441 2317 488 2356 sit
515 2330 650 2356 verum
676 2316 789 2354 nimis
815 2317 925 2355 multi
953 2316 1071 2355 hodie
1104 2316 1336 2363 ostendunt,
