1572 2801
735 170 793 213 82

309 306 346 345 τί
369 305 467 347 δῆτα
494 302 559 343 δεῖ
580 316 619 342 σε
649 304 818 356 κάμνειν,
846 307 1031 346 κατθανεῖν
1059 306 1239 360 Ἄμεινον.

187 370 293 408 unde
321 383 445 422 quam
468 369 677 408 infeliciter
705 368 858 421 aliquid
880 371 964 409 sani
992 372 1221 425 exsculpere
1245 373 1379 413 conati

188 438 263 475 sint
297 437 475 476 homines
510 436 619 474 docti
654 436 804 475 videbis
833 439 943 489 apud
976 451 1041 478 eos
1079 440 1151 491 qui
1184 440 1381 491 Euripidis

183 503 411 555 fragmenta
431 503 687 553 collegerunt.
731 502 779 540 ln
805 502 1028 543 huiusmodi
1053 504 1278 543 calamitate
1299 505 1381 544 sine

188 580 265 619 ope
292 568 482 606 librorum
509 567 618 605 nulla
647 580 736 618 spes
768 568 903 607 salutis
938 575 1017 615 est,
1057 574 1097 607 at
1133 568 1212 607 hoc
1249 576 1380 609 tamen

189 632 292 669 valet
322 632 513 668 iudicium
540 637 578 668 et
611 631 730 682 longa
759 643 851 669 cum
882 633 1083 672 veteribus,
1110 634 1375 681 consuetudo,

189 703 234 735 ut
261 696 416 735 subesse
440 697 481 734 in
508 695 568 734 his
595 694 775 734 fraudem
804 697 944 735 sentire
971 703 1010 735 et
1037 698 1261 749 perspicere
1286 711 1378 749 pos-

190 762 259 806 sis,
300 768 337 798 et
378 774 504 811 quum
533 761 618 811 ipsa
655 760 856 811 scriptoris
893 773 1033 799 manus
1063 761 1149 799 erui
1180 769 1376 814 nequeat,

192 832 231 863 at
259 827 449 864 sententia
486 832 618 864 tamen
660 838 818 872 eorum,
863 839 969 878 quae
1009 828 1233 879 perierunt,
1273 834 1381 866 certa

190 892 422 929 coniectura
458 892 579 943 possit
620 891 856 943 excogitari,
898 898 942 929 ut
977 893 1020 929 in
1057 893 1136 930 hoc
1171 893 1259 945 ipso
1294 894 1386 932 loco

194 957 350 996 Grotius
377 956 570 1004 ostendit,
600 956 673 1009 qui
700 968 826 1008 quum
853 956 1090 1010 corrigeret:
1150 984 1159 994 .

347 1022 396 1062 Α.
443 1024 484 1062 τί
508 1021 569 1061 δεῖ
591 1021 699 1066 ,θεοὺς
727 1022 841 1073 σέβειν
867 1036 908 1061 σε
934 1022 1207 1077 κατθανούμενον
1216 1042 1233 1077 ,-

349 1090 395 1128 B.
445 1092 582 1142 ἄμεινον
610 1087 688 1128 κτὲ.

192 1163 301 1195 recte
327 1158 541 1208 cogitando
564 1157 741 1207 proxime
769 1157 932 1194 accessit
958 1157 1011 1194 ad
1029 1157 1072 1195 id
1097 1158 1244 1209 ipsum,
1276 1157 1388 1208 quod

194 1222 402 1274 Euripides
439 1228 477 1260 et
510 1220 748 1259 Plutarchus
786 1220 1008 1260 habuerant
1048 1222 1089 1261 in
1127 1221 1270 1262 animo.
1325 1221 1385 1262 Cf.

194 1289 527 1329 Valckenaerium
557 1289 607 1326 ad
636 1288 786 1325 Phoen.
815 1301 869 1326 vs.
903 1288 1020 1326 13:31.

244 1355 340 1407 Pag.
370 1355 436 1393 23.
479 1352 565 1393 Sed
597 1353 779 1391 aliorum
811 1353 1060 1400 multorum,
1098 1366 1273 1406 quorum
1304 1366 1389 1392 non

198 1421 287 1458 nisi
327 1421 580 1462 recentiores
618 1418 778 1456 codices
818 1432 931 1457 nunc
970 1424 1160 1465 exstant,
1204 1422 1393 1472 iniquior

200 1491 262 1523 est
290 1485 493 1530 conditio,
525 1497 623 1522 nam
648 1483 926 1534 interpolatos
951 1496 1043 1521 esse
1064 1488 1248 1529 constat,
1278 1486 1391 1523 anti·

202 1565 326 1603 quam
355 1552 612 1602 scripturam
638 1551 685 1587 in
703 1549 926 1602 plerisque
953 1549 1057 1588 locis·
1085 1563 1170 1588 non
1196 1552 1284 1589 nisi
1314 1565 1390 1589 an—

201 1619 323 1670 cipiti
347 1618 587 1654 coniectura
614 1619 653 1653 et
681 1615 843 1652 incerta
879 1613 1141 1651 divinatione
1167 1626 1394 1666 possumus·

205 1680 452 1735 expiscari.)
493 1679 533 1717 Si
560 1679 651 1730 quis
677 1678 792 1716 huius
815 1678 870 1716 rei
893 1678 1133 1718 documenta
1155 1685 1193 1718 et
1216 1681 1396 1733 exempla

206 1762 230 1787 a
260 1760 324 1786 me
348 1751 522 1798 peteret,
554 1751 644 1782 ante
671 1744 845 1795 reliquos
875 1756 1011 1782 omnes
1039 1745 1177 1795 Lysiae
1203 1747 1400 1785 orationes

209 1814 452 1866 proferrem,
482 1823 587 1863 quae
624 1823 750 1861 quum
785 1809 826 1847 in
854 1810 1028 1861 pessimis
1060 1816 1098 1849 et
1131 1812 1402 1850 recentissimis

211 1879 321 1918 libris
357 1879 409 1916 ad
441 1889 513 1914 nos
546 1875 793 1927 pervenerint
833 1887 914 1913 non
962 1875 1130 1926 simplici
1176 1876 1400 1915 calamitate

211 1945 375 1984 affectae
400 1949 504 1982 sunt.
545 1942 645 1979 Nam
673 1953 801 1992 quum
828 1940 1078 1979 librariorum
1105 1941 1286 1980 socordia
1311 1955 1402 1994 pas-

214 2012 285 2050 sim
315 2008 605 2048 contaminatae
632 2006 980 2045 circumferrentur
1001 2006 1079 2046 iam
1104 2008 1198 2045 olim
1223 2008 1408 2047 videntur

213 2076 328 2116 multi
356 2073 568 2113 temerariis
593 2071 962 2125 interpolationibus
987 2072 1233 2114 laborantem
1254 2079 1404 2112 senten-

217 2144 311 2181 tiam
345 2141 469 2192 magis
499 2140 704 2191 magisque
730 2138 1052 2191 pessumdedisse.
1104 2139 1254 2178 Deinde
1280 2152 1406 2191 quum

216 2209 279 2248 vel
314 2207 370 2245 sic
411 2212 542 2244 tamen
575 2205 688 2242 multi
716 2204 795 2247 loci
826 2203 1000 2242 intricati
1031 2210 1296 2256 superessent,
1336 2206 1408 2257 qui

220 2286 375 2314 omnem
421 2272 783 2324 interpretationem
822 2276 1049 2322 respuerent
1097 2283 1171 2310 nee
1207 2271 1288 2310 sine
1323 2262 1407 2311 rio-
