1572 2801
813 170 870 213 14

250 305 446 361 tandique
485 317 606 345 usum
653 305 696 345 in
741 304 981 359 quotidiana
1013 307 1094 348 vita
1124 312 1166 350 et
1196 308 1411 352 hominum

245 378 481 424 celebritate
504 378 658 436 optime
685 376 761 420 sibi
792 378 969 435 quisque
1001 385 1224 437 comparat.
1284 381 1411 437 Quid·

246 453 347 510 quid
377 452 565 493 homines
587 452 821 506 loquimur,
853 451 930 491 nisi
960 450 1064 493 forte
1094 454 1187 507 quis
1219 455 1309 496 ioco
1339 461 1412 497 aut

245 526 344 569 dolo
368 524 576 568 interdum
599 523 651 567 de
673 522 874 566 industria
896 523 1057 581 quaerit
1077 523 1407 583 ambiguitatem,

244 615 385 642 unum
415 598 541 640 habet
566 612 752 652 sensum,
786 603 832 639 ut
858 612 1028 655 prorsus
1053 599 1194 641 eadem
1218 602 1410 656 cogitatio

247 673 301 716 ab
341 673 538 729 loquente
574 676 755 715 transeat
790 671 843 714 ad
879 671 1132 715 audientem:
1171 679 1295 730 atque
1328 673 1409 717 hoc

243 752 306 789 est
342 747 597 802 intelligere
636 750 685 786 ut
715 745 830 801 quod
861 746 1053 801 cogitavit
1086 746 1259 801 aliquis,
1298 747 1407 789 idem

243 834 319 863 nos
349 818 560 862 audientes
587 818 652 861 vel
674 817 855 876 legentes
882 819 1121 876 cogitemus.
1166 819 1310 876 Itaque
1333 834 1406 862 ne·

242 906 353 935 cesse
384 897 467 946 est,
500 897 547 934 ut
578 891 711 933 verbis
749 891 940 933 omnibus
980 897 1091 934 certa
1125 893 1222 934 insit
1252 907 1300 934 ac
1329 892 1403 934 de·

241 966 357 1009 finita
397 966 476 1018 vis,
522 964 574 1007 de
609 980 691 1021 qua
731 965 787 1006 ita
819 965 926 1007 inter
960 979 1101 1023 omnes
1130 971 1313 1021 constet,
1355 969 1405 1008 ut

241 1039 359 1081 nulla
386 1038 566 1081 audienti
594 1038 657 1081 vel
688 1039 801 1094 optio
828 1039 958 1095 possit
979 1052 1065 1081 esse
1094 1039 1158 1081 vel
1185 1038 1404 1084 dubitatio.

241 1110 353 1165 Quid
373 1115 435 1153 est
459 1109 587 1167 igitur
618 1125 695 1152 cur
719 1110 761 1152 in
781 1110 959 1166 antiquis
984 1110 1254 1168 scriptoribus
1281 1113 1404 1156 inter-

242 1183 452 1243 pretandis
490 1196 573 1224 non
612 1182 719 1224 idem
751 1181 887 1223 valere
919 1182 1165 1224 credamus?
1212 1185 1312 1241 quid
1343 1191 1406 1228 est

240 1272 318 1300 cur
348 1256 629 1313 interpretatio
667 1270 800 1312 quum
831 1255 1004 1313 simplex
1028 1269 1115 1298 esse
1138 1255 1324 1312 deberet,
1356 1263 1405 1300 ut

243 1329 436 1373 omnibus
469 1329 520 1370 de
546 1327 685 1369 iisdem
712 1327 854 1369 eadem
880 1328 1017 1369 statim
1040 1329 1232 1384 cogitatio
1259 1344 1401 1373 nasce-

241 1411 378 1459 retur,
412 1410 495 1446 tam
527 1418 628 1459 vaga
656 1403 708 1444 sit
732 1407 773 1445 et
794 1401 926 1456 fluxa,
960 1407 1007 1444 ut
1032 1403 1126 1445 novi
1152 1417 1313 1461 semper
1337 1405 1400 1446 in-

238 1483 437 1536 terpretes
482 1474 683 1532 prodeant
722 1474 840 1516 aliter
875 1474 1124 1530 explicantes
1158 1476 1274 1532 quod
1314 1482 1403 1519 erat

239 1551 461 1595 sexcenties
496 1548 737 1605 explicitum
761 1540 827 1589 ⁸ab
858 1547 959 1589 aliis.
1020 1547 1090 1590 Est
1121 1563 1267 1606 operae
1299 1564 1430 1607 pre-,

238 1627 344 1668 tium
369 1623 505 1665 videre
525 1636 610 1678 quo
632 1620 851 1677 supercilio
876 1620 922 1675 ii,
950 1621 1023 1677 qui
1049 1620 1147 1663 olim
1172 1627 1214 1664 et
1238 1622 1401 1665 sibimet

236 1699 335 1757 ipsis
357 1703 400 1740 et
422 1694 665 1752 aequalibus
691 1694 901 1752 praeclare
924 1709 1011 1737 rem
1039 1695 1205 1751 gessisse
1236 1695 1308 1737 visi
1333 1709 1396 1738 es·

238 1776 341 1825 sent,
363 1772 681 1813 contemnantur
693 1766 745 1808 ab
756 1766 1065 1822 recentioribus,
1085 1766 1240 1823 quibus
1251 1767 1399 1810 deinde

239 1843 404 1886 subnati
446 1841 516 1882 alii
557 1840 704 1896 spretis
741 1839 950 1896 prioribus
980 1840 1172 1882 omnibus
1202 1840 1280 1882 soIi
1312 1855 1398 1883 rem

239 1932 318 1961 acu
355 1913 532 1971 tetigisse
566 1911 694 1968 vulgo
736 1910 989 1953 videbuntur
1026 1910 1158 1954 donee
1198 1911 1267 1953 alii
1304 1925 1399 1954 suc·

235 1992 421 2032 crescent
435 1986 557 2028 etiam
579 1984 793 2026 acutiores.
824 1983 959 2025 Huius
982 1983 1078 2025 mali
1100 1984 1234 2026 variae
1253 1998 1399 2026 causae

236 2067 356 2117 sunt,
401 2073 577 2116 quarum
624 2072 735 2100 nunc
776 2057 1017 2115 praecipuas
1054 2056 1398 2100 commemorabo.

239 2136 288 2178 Et
309 2134 442 2192 prima
463 2132 629 2188 quidem
650 2136 711 2174 est
731 2146 777 2174 ea
799 2131 1047 2187 scriptorum
1066 2131 1274 2186 confusio,
1292 2145 1398 2187 quae

238 2207 371 2263 qualis
402 2206 455 2248 sit
475 2210 517 2249 et
538 2204 649 2247 uude
671 2211 758 2246 orta
779 2204 1065 2260 explicuimus.
1112 2204 1256 2246 Solent
1275 2204 1396 2246 multi

239 2281 472 2339 promiscue
500 2292 641 2323 omnes
680 2282 753 2321 aut
782 2277 917 2334 legere
947 2282 1019 2320 aut
1049 2276 1102 2320 ad
1127 2276 1399 2335 interpretan-
