1572 2801
743 186 800 228 59

186 322 222 362 ἐν
247 327 298 375 τῷ
326 322 447 374 τρόπῳ
464 317 671 360 Λακωνικὸν
699 317 775 358 οὐδ’
807 317 940 358 ἁπλοῦν
967 319 1061 371 ἔχων
1086 316 1183 356 ἀλλὰ
1212 316 1301 356 πολὺ
1329 318 1368 357 τὸ

193 391 387 442 πανοῦργον
413 387 473 425 καὶ
510 387 548 425 τὸ
576 384 759 440 θηριῶδες.
794 384 848 423 διὸ
881 383 940 422 καὶ
984 385 1162 439 Σκύφον
1201 383 1308 422 αὐτὸν
1340 384 1369 422 οἱ

189 452 467 506 Λακεδαιμόνιοι
501 453 769 509 προσηγόρευον.
824 450 1019 500 perspexit
1062 450 1253 486 Porsonus
1291 462 1372 487 non

187 522 398 561 ΟΚΥΦΟΝ
433 520 500 558 sed
532 516 754 556 (ΣΙΟΥΦΟΝ
788 516 828 552 in
861 515 1021 560 codice,
1066 528 1184 566 quem
1219 516 1370 566 legebat

189 588 431 631 Athenaeus,
472 586 660 636 scriptum
702 582 827 619 fuisse.
885 581 1106 633 Xenophon
1139 582 1179 618 in
1219 581 1368 619 Hellen.

191 652 264 690 111.
300 654 333 689 l.
360 650 400 688 8.
438 647 666 704 Δερκυλίδας
683 645 802 701 ἄρξων
826 645 968 699 ἀφίκετο
996 645 1052 684 ἐπὶ
1083 647 1121 684 τὸ
1149 651 1341 702 ςροὶτευμα
1352 679 1368 698 ,

188 718 276 771 ἀνὴρ
306 715 423 755 δοκῶν
456 716 540 754 εἶναι
572 712 675 766 μάλα
709 714 963 764 μηχανητικός.
999 711 1057 750 καὶ
1092 712 1296 751 ἐπεκαλεῖτο
1325 713 1368 751 δὲ

189 783 351 836 Σίσυφος.
422 780 500 817 Sed
550 792 638 830 quis
682 779 743 816 vet
788 778 867 815 sine
909 778 1172 829 Xenophonte
1215 784 1369 829 poterat

185 847 392 885 dubitare?
433 846 593 895 Quoties
618 845 759 882 deinde
794 844 843 882 ab
880 845 1044 882 librariis
1077 846 1114 882 K
1139 851 1177 883 et
1205 845 1250 883 IC
1283 847 1367 888 suc-

182 915 257 951 rint
291 913 454 950 confusa
493 912 580 949 vide
613 912 722 963 apud
745 912 959 948 Porsonum
998 918 1036 949 et
1069 912 1290 949 Dobracum
1327 913 1367 949 in

183 978 299 1016 huius
339 978 649 1030 Aristophanicis
691 992 729 1028 p.
758 977 860 1022 241,
890 983 927 1014 et
965 978 1141 1020 Bastium
1183 978 1235 1015 ad
1277 978 1366 1016 Gre-

183 1058 268 1096 gor.
303 1042 476 1082 Corinth.
506 1060 546 1096 p.
577 1043 658 1082 244
685 1056 775 1093 sqq.
817 1042 883 1080 ubi
917 1043 1064 1081 videbis
1091 1045 1290 1095 stupidam
1316 1046 1362 1083 li-

183 1111 400 1149 brariorum
435 1117 588 1162 gentem
622 1111 787 1148 κτοῖσέται
824 1116 860 1145 et
897 1111 1099 1161 ἵστασθαι,
1136 1111 1284 1157 πλεκτὸς
1323 1119 1361 1149 et

183 1177 373 1228 πλεῖστος,
392 1180 532 1232 ἄριστος
549 1182 584 1212 et
600 1180 727 1231 ἄρκτος
735 1208 750 1227 ,
766 1174 806 1213 ἐκ
829 1182 865 1212 et
886 1175 930 1220 εἰς
949 1182 1089 1213 temere
1106 1178 1361 1215 confundere.

182 1244 233 1282 At
255 1245 295 1281 in
314 1244 389 1280 illis
408 1244 566 1280 fortasse
591 1244 724 1280 veniae
745 1244 855 1280 locus
882 1249 958 1287 est,
983 1244 1113 1280 nulius
1133 1245 1171 1280 in
1193 1243 1269 1283 his,
1297 1244 1363 1281 ubi

182 1322 256 1361 pro
288 1307 462 1352 Λάκωνες
473 1339 488 1358 ,
516 1307 705 1358 Αἴσωπος,
734 1306 1037 1359 κεκιβδηλευμένοι
1072 1321 1136 1345 eos
1170 1311 1365 1361 scripsisse

183 1375 309 1413 vides:
361 1373 554 1424 λαίσωνες,
593 1377 759 1423 ἅκωπος,
798 1379 834 1409 et
877 1371 1210 1426 κεισιβὸηλευμενοι,
1250 1375 1362 1426 quod

179 1451 287 1477 nunc
306 1439 446 1490 legitur
461 1439 569 1489 apud
586 1439 820 1490 Hesychium
850 1441 946 1475 inter
967 1441 1113 1477 κεῖσθαι
1132 1447 1168 1477 et
1188 1442 1357 1494 κείσομαι.

180 1504 284 1541 Nihil
303 1510 359 1541 est
374 1499 473 1541 adeo
490 1503 723 1548 absurdum,
747 1504 845 1554 quin
868 1504 918 1541 ab
943 1504 1179 1543 dormitante
1206 1507 1363 1544 librario

181 1571 381 1608 literarum
404 1570 548 1622 formas
576 1569 844 1607 confundente
869 1583 915 1607 ac
941 1571 1132 1608 vocabula
1157 1585 1362 1623 perperam

180 1636 384 1672 dirimente
411 1636 525 1672 scribi
555 1636 689 1685 possit.
734 1635 835 1671 Hinc
863 1635 984 1673 mulffi
1009 1644 1171 1687 possunt
1193 1638 1362 1687 simplici

180 1713 226 1738 ac
254 1700 456 1743 manifesta
484 1700 755 1736 emendatione
792 1701 960 1745 restitui,
1001 1715 1104 1751 quae
1133 1714 1203 1751 per
1235 1702 1360 1738 mulia

177 1766 332 1803 saecula
374 1765 508 1802 foede·
535 1770 720 1814 corrupta
765 1765 953 1815 explicari
993 1766 1063 1803 nisi
1101 1766 1239 1803 stolide
1281 1777 1360 1803 non

177 1835 403 1882 potuerunt.
447 1830 559 1867 Iuvat
584 1842 705 1866 unum
732 1835 768 1866 et
789 1831 955 1867 alterum
978 1832 1199 1882 exemplum
1224 1831 1361 1868 afferre

182 1911 228 1936 ex
248 1898 309 1942 iis,
336 1908 440 1948 quae
464 1908 592 1946 nuper
614 1901 768 1946 reperta
793 1902 881 1933 sunt
905 1903 973 1934 aut
995 1897 1127 1935 adhuc
1148 1898 1360 1935 latuerunt.

181 1964 302 2002 Solon
332 1962 440 2015 apud
465 1963 576 2014 Diog.
608 1962 735 2000 Laert.
766 1963 796 2000 I.
825 1962 894 2000 60.

287 2027 347 2067 καὶ
374 2029 610 2079 μεταποίησον
637 2029 766 2081 ἀγυιὰς
794 2028 905 2079 ταδὶ,
934 2027 1007 2068 ὧδε
1032 2028 1069 2068 δ’
1098 2028 1210 2069 ἄειδε.

232 2095 405 2148 Optimi,
444 2108 545 2146 quos
576 2095 675 2139 vidi,
709 2095 887 2132 codices:
917 2110 1047 2147 αιγυασ
1076 2095 1185 2137 ταδη.
1239 2095 1358 2145 Berg-

178 2162 266 2199 kius
292 2163 332 2200 in
353 2162 463 2199 Poet.
486 2161 575 2211 Lyr.
597 2173 635 2210 p.
653 2159 726 2196 3:31
751 2172 880 2197 veram
904 2161 1110 2198 lectionem
1132 2158 1359 2213 Λιγυας-οἱδη

178 2226 342 2266 restituit
368 2241 415 2266 ex
444 2226 583 2265 Suida:
614 2225 771 2266 ἐκαλεῖτο
801 2225 842 2266 δὲ
870 2225 929 2265 καὶ
957 2227 1199 2280 Aquas-<idrag
1226 2225 1290 2264 διὰ
1317 2226 1356 2264 τὸ

179 2292 323 2348 ἐμμελὲς
361 2293 421 2333 καὶ
456 2291 539 2336 ἡδύ.
583 2293 694 2345 Diog.
739 2293 864 2330 Laert.
905 2292 1013 2333 VIII.
1055 2292 1118 2331 21).
1165 2292 1284 2332 ἐκάλει
1315 2291 1356 2332 δὲ
