1572 2801
698 268 782 312 151

139 406 287 459 γεγωνὸς
318 403 535 455 ἀναβοήσας)
573 403 660 441 libri
694 403 866 453 aliquot:
904 398 1053 454 γεγονὼς
1086 404 1125 436 et
1155 397 1319 451 γεγωνόν.

139 471 237 524 γοῦν)
258 471 292 525 γ’
333 467 403 511 οὖν.
461 469 697 525 μιαρωτέραν)
716 469 948 523 μιανωτέραν.
995 467 1036 509 ἢν
1072 464 1171 519 γοῦν)
1196 466 1317 517 ἡγοῦν.

138 538 311 593 κρηπῖδα)
329 537 486 593 κρηπίδα
497 570 512 589 ,
532 537 678 593 κριπίδα
688 569 703 588 ,
723 534 886 591 κριπῖδα.
924 533 1115 587 λιμώττῃς)
1129 533 1312 584 λιμόττεις.

135 604 372 659 ἀνεγρόμενος)
390 606 649 660 ἀνεγηρόμενος.
689 602 708 655 §
737 605 775 641 2.
813 600 1019 655 Ἡράκλεις)
1036 599 1202 654 ἥρακλες.
1248 600 1314 637 ἀν-

136 671 337 726 θρωπίνως)
355 672 588 726 ἀνθρωπικῶς
627 669 739 721 quod
765 668 941 720 imperite
980 665 1198 717 probarunt
1231 664 1316 702 edi-

138 742 259 780 tores,
303 739 414 788 quasi
456 751 645 789 umquam
681 737 792 774 aliter
832 747 952 786 quam
1000 732 1311 786 ἀνθρωπίνως

137 801 270 853 λέγειν,
297 801 529 855 διαλέγεσθαι
552 802 690 841 Graeci
712 799 891 838 dixerint.
924 797 1110 851 ἐλάλησεν)
1125 798 1311 837 ἐλάλυσεν.

138 867 312 922 ὁμόφωνος
341 868 437 921 ὑμῖν)
451 867 564 920 ὑμῶν.
602 869 830 921 ἀνεγνωκέναι
855 866 903 905 τὰ
929 865 1087 918 Ὁμήρου
1114 864 1314 916 ποιήματα)

137 932 376 986 ἐπεγνωκέναι.
407 933 619 986 Ἀχιλλέως)
629 933 804 986 ἀχιλλέω.
839 934 947 989 φηγὸς
969 931 1003 972 ἐν
1025 931 1184 985 Δωδώνῃ
1207 931 1317 971 αὐτό-

136 1011 244 1052 φωνος
266 998 501 1050 ἐμαντεύσατο
520 1002 667 1051 optima
692 1001 827 1044 lectio,
861 1012 983 1050 quam
1007 1004 1188 1050 pervetus
1213 998 1316 1035 Mar-

135 1064 271 1102 cianus
294 1065 418 1104 codex
444 1066 663 1104 confirmat.
693 1065 856 1104 Pessime
872 1069 1106 1116 receperunt
1124 1062 1314 1101 Iacobitz.

133 1137 170 1167 et
199 1131 421 1170 Dindorfius
446 1133 619 1182 ineptam
649 1132 818 1168 duorum
846 1130 1029 1168 codicum
1055 1129 1311 1180 scripturam:

132 1195 289 1239 Δωδώνη
323 1197 517 1252 αὐτόφωνος
554 1196 804 1250 ἐμαντεύσατο.
867 1195 959 1247 βοῶν
997 1196 1085 1249 κρέα
1126 1196 1316 1247 μυκώμενα

135 1264 294 1319 ἧμίεφὲα
322 1264 607 1317 περιπεπαρμένα
638 1264 709 1307 τοῖς
744 1261 878 1312 ὀβελοῖς
909 1263 1073 1312 pessime
1104 1260 1316 1311 probatum

136 1328 186 1365 ab
215 1335 383 1380 utroque
413 1327 582 1372 editore,
624 1340 748 1377 quum
788 1326 943 1379 ἡμίοπτα
973 1325 1032 1365 καὶ
1063 1327 1163 1381 ἑφθοί
1196 1327 1316 1378 vulgo

134 1395 338 1446 legeretur.
391 1395 568 1432 Absurde
605 1394 654 1431 de
692 1395 824 1432 assatis
867 1394 1050 1432 carnibus
1088 1395 1239 1447 ἕψεσθαι
1275 1401 1314 1433 et

134 1459 231 1516 ἑφθά
271 1460 351 1498 dici
395 1460 527 1513 palam
570 1466 645 1497 est:
688 1460 847 1512 vulgata
895 1461 1011 1498 lectio
1051 1467 1136 1499 orta
1174 1467 1230 1499 est
1268 1474 1316 1499 ex

188 1526 288 1582 ἑφθοί

130 1581 310 1634 ἡμίοπτα,
351 1593 442 1617 nam
481 1581 716 1618 recentiores
752 1579 933 1618 Graeculi
961 1580 1060 1632 quid
1097 1593 1176 1618 esse
1208 1582 1314 1627 ὀπτός

128 1654 166 1686 et
204 1649 371 1700 ἡμίοπτος
409 1654 518 1686 erant
557 1647 747 1685 docendi:
796 1647 931 1698 itaque
971 1648 1174 1700 magistelli
1214 1647 1314 1704 ἑφθοί

129 1715 431 1766 adscripserunt.
482 1713 680 1766 ὁμοδίαιτος
716 1713 811 1765 ὑμῖν)
829 1716 924 1766 ἡμῖν.
980 1715 1044 1755 τὴν
1085 1715 1312 1767 ἀνθρωπίνην

123 1781 250 1835 φωνήν)
268 1781 490 1836 ανθρωπήνην
517 1781 656 1834 φωνὴν,
697 1778 890 1833 ἀνθρώπων
925 1782 1053 1834 φωνήν.
1099 1793 1309 1832 perperam

126 1852 344 1897 receptum.
385 1852 447 1891 τῆς
477 1846 561 1900 πρὸς
593 1845 688 1898 ὑμᾶς
718 1844 923 1899 ὁμοφωνίας)
937 1846 1048 1896 ἡμᾶς.
1079 1844 1099 1897 §
1127 1847 1166 1886 3.
1195 1847 1307 1886 ἀλεκ-

126 1910 254 1968 τρυὼν)
269 1910 504 1967 ἀλλεκτρυών.
553 1911 586 1950 εἴ
613 1926 675 1951 τινι
707 1910 908 1965 διηγοίμην)
919 1911 952 1952 εἴ
984 1927 1015 1951 τι
1046 1912 1308 1966 incogitanter

124 1978 350 2029 probatum.
389 1977 682 2033 παραδοξότατόν
713 1993 766 2018 σοι
798 1979 898 2032 λόγον
933 1975 970 2018 εὖ
1001 1979 1067 2018 οἶδ’
1099 1983 1151 2018 ὅτι
1185 1981 1304 2034 λέγω,

119 2057 193 2097 pro
218 2044 313 2096 λέγω
346 2044 507 2092 affertur
533 2043 648 2098 λόγον.
684 2057 761 2082 non
791 2046 920 2097 potuit
948 2045 1056 2083 aliud
1084 2060 1205 2097 quam
1232 2047 1302 2103 ἐρῶ

118 2112 160 2149 in
199 2111 266 2148 tali
302 2123 343 2148 re
381 2110 471 2147 dici.
511 2109 590 2163 περιΙ
625 2109 737 2163 ὑμῶν)
754 2111 866 2162 ἡμῶν.
922 2109 1123 2166 ὑφεωρᾶτο)
1136 2112 1301 2169 ὑφωρᾶτο

119 2177 191 2229 ἀεὶ)
215 2178 296 2218 αἰεί.
351 2177 509 2230 αἶνίσχοι)
532 2178 691 2230 α’νέσχοι.
751 2176 1003 2233 περιβαλόντα)
1022 2179 1297 2235 περιβαλλόντα.

120 2245 176 2284 ἐπ’
205 2244 346 2297 αὐτούς)
361 2244 417 2285 ἐπὶ
446 2244 585 2290 αὐτούς.
625 2242 774 2300 α’φείὲη)
789 2245 931 2299 ἀφήὲη.
963 2244 1044 2284 α’ντὶ
1066 2249 1126 2284 τοῦ
1148 2251 1298 2302 κράνους

115 2311 246 2350 (Ιοᾱά.
275 2311 361 2350 α’ντὶ
386 2314 447 2352 τοῦ
474 2312 622 2367 κόρυθος
645 2317 683 2349 et
709 2314 758 2350 ἔτι
786 2316 847 2355 τῆς
873 2313 1023 2366 κόρυθος
1034 2343 1050 2363 ,
1079 2313 1189 2363 quod
1215 2314 1300 2352 edi-

121 2383 224 2415 tores
247 2377 348 2416 male
370 2384 625 2429 receperunt,
655 2392 779 2429 quum
805 2379 881 2418 ἀντι
904 2385 964 2424 τῆς
984 2380 1132 2434 κόρυθος
1150 2380 1303 2419 debuis-
