1572 2801
815 181 842 226 5

242 319 393 372 levent,
417 319 537 360 etiam
560 317 624 360 his
645 317 772 360 veluti
798 318 1046 361 ornamentis
1076 331 1194 360 suam
1225 319 1400 375 quisque

241 392 449 435 scientiam
480 391 798 434 condecorarent
828 398 870 434 et
899 392 1169 434 amoeniorem
1200 390 1398 433 facerent:

242 465 312 508 sed
344 480 427 507 rem
461 479 547 507 esse
578 464 763 506 immensi
792 464 927 520 operis
957 477 1093 520 neque
1117 464 1159 505 in
1184 463 1261 506 hac
1293 463 1399 505 vitae

239 539 436 582 brevitate
462 551 683 594 rerumque
713 535 1051 579 addiscendamm
1082 550 1213 594 prope
1238 536 1397 578 infinita

237 613 355 669 copia
406 610 587 653 eiusdem
628 610 803 652 hominis
838 623 925 653 esse
971 616 1190 667 utramque
1231 610 1396 652 laudem

236 685 497 740 coniungere.
556 683 767 725 Praeterea
793 683 967 737 multos,
999 697 1105 739 quos
1129 682 1256 724 literis
1284 681 1394 723 vide-

239 745 310 799 ant
335 756 434 799 dare
464 771 630 814 operam
663 757 789 814 inque
815 752 866 798 iis?
895 757 1020 798 vitam
1047 761 1178 798 terere
1209 753 1285 796 sibi
1315 769 1399 796 non

235 828 363 871 videri
393 828 436 869 id
465 833 693 882 assecutos,
726 828 839 884 quod
871 827 1041 884 reliquis
1076 827 1263 884 polliceri
1286 826 1395 868 sole-

237 906 325 943 ant:
349 901 568 957 plerosque
593 901 635 943 in
658 902 840 943 minutiis
863 900 1138 957 futilibusque
1162 899 1396 955 quisquiliis

236 972 422 1027 haerere,
463 986 566 1030 quas
597 987 673 1029 pro
700 970 823 1015 rebus
844 973 1048 1029 quantivis
1078 972 1197 1029 pretii
1228 977 1270 1014 et
1304 972 1394 1013 aliis

237 1051 280 1088 et
308 1045 599 1103 sibimet-ipsis
631 1043 851 1087 venditent.
912 1045 1003 1088 Non
1039 1047 1134 1088 satis
1171 1059 1394 1101 apparere,

180 1127 183 1130 ⁴
237 1119 320 1161 imo
351 1131 448 1159 vero
475 1117 518 1158 in
553 1116 765 1158 nonnullis
794 1116 916 1173 plane
946 1117 1086 1160 deesse
1117 1118 1243 1160 videri
1274 1119 1396 1161 illum

236 1191 360 1232 animi
387 1187 618 1244 ingeniique
647 1187 832 1240 cultum,
868 1200 989 1243 quem
1028 1189 1117 1231 iure
1148 1189 1261 1232 illius
1295 1190 1396 1232 doc-

236 1265 367 1306 trinae
397 1262 580 1303 fructum
610 1260 923 1317 exspectaveris,
964 1275 1070 1317 quae
1100 1276 1199 1318 prae
1227 1265 1396 1306 caeteris

235 1335 428 1378 omnibus
470 1333 636 1391 pulchri
676 1334 843 1389 verique
881 1348 1046 1376 sensum
1094 1336 1136 1377 in
1179 1336 1395 1379 hominum

234 1407 379 1449 animis
415 1406 609 1458 excitare,
647 1404 953 1461 excitatumque
989 1405 1095 1448 alere
1130 1413 1172 1449 et
1199 1408 1396 1451 corroba-

234 1494 325 1522 rare
344 1492 463 1536 posse
485 1478 666 1519 dicatur:
692 1483 834 1519 eontra
860 1478 902 1519 in
930 1492 1072 1520 eorum
1093 1482 1394 1523 commentariis

236 1553 415 1595 nativam
450 1551 714 1607 antiquorum
752 1551 1053 1608 simplicitatem
1092 1552 1396 1611 pulchramque

231 1624 436 1681 cogitandi
468 1623 746 1680 loquendique
766 1626 1023 1667 serenitatem
1046 1631 1255 1682 tamquam
1279 1627 1394 1670 nube

233 1696 446 1746 obscurari
476 1695 679 1753 obruique
707 1696 903 1754 indigesta
930 1713 1089 1752 rerum,
1122 1713 1242 1756 saepe
1271 1700 1394 1742 etiam

234 1769 455 1812 verborum
472 1802 485 1824 ,
530 1770 804 1825 abundantia,
854 1784 961 1827 quae
1011 1772 1182 1815 studiosi
1229 1773 1395 1815 lectoris

234 1843 416 1885 animum
469 1842 610 1900 fatiget
653 1842 891 1900 lassumque
935 1849 976 1885 et
1022 1843 1218 1887 obtusum
1266 1844 1392 1887 relin-

232 1920 347 1972 quat.

293 1989 416 2032 Hisce
456 2001 503 2029 ac
540 1985 693 2028 talibus
723 1986 880 2029 voculis
906 1992 948 2029 et
974 1987 1152 2044 querelis
1184 2002 1261 2044 pro
1287 1994 1391 2031 tem-

231 2066 335 2120 'pore
372 2075 531 2117 proque
569 2061 772 2116 cuiusque
803 2060 965 2116 ingenio
1001 2075 1196 2117 reponere
1233 2061 1391 2117 aliquid

232 2150 316 2178 non
340 2140 426 2177 erat
457 2132 681 2175 admodum
709 2131 888 2175 difficile.
931 2132 1117 2191 Namque
1145 2134 1281 2190 inique
1306 2148 1392 2176 om—

232 2207 355 2249 nibus
384 2206 656 2261 officiuntur,
687 2221 794 2262 quae
823 2207 1008 2263 imperite
1039 2212 1080 2249 et
1108 2208 1244 2262 inepte
1277 2221 1393 2249 com-

233 2280 457 2324 mittuntur
485 2294 507 2322 a
537 2279 691 2337 paucis.
754 2278 964 2323 Latissime
998 2285 1110 2337 patet
1139 2278 1392 2337 philologiae
