1572 2801
786 217 844 261 4⁹2

223 354 309 410 ἆρον
332 353 545 405 appellavit
567 353 790 403 virginem,
820 356 871 391 ὅτι
897 355 988 405 μένει
1016 353 1070 392 τὸν
1095 352 1239 407 ἄνδρα,
1265 355 1409 407 βαλεῖν·

225 437 295 460 τιον
338 420 541 465 iaculum,
584 421 637 457 ὅτι
680 418 797 457 ἀντίον
823 418 1021 471 βάλλεται,
1049 424 1207 476 μυςήρια
1234 420 1410 459 latibula

222 489 423 531 murium,
441 489 494 525 ὅτι
518 485 596 530 τοὺς
619 489 685 538 μῦς
709 489 833 542 τηρεῖ,
855 487 1047 542 σκέπαρνον
1066 488 1227 533 lanam,
1252 490 1303 526 ὅτι
1327 488 1407 526 σκέ-

219 570 277 595 πει
306 553 384 599 τοὺς
408 556 517 610 ἄρνας
529 586 543 605 ,
572 552 716 608 ἐριώλην
744 553 995 605 paenulam,
1028 551 1094 593 οἷον
1119 552 1266 609 ὄλεθρον
1302 548 1408 593 οὖσαν

221 626 292 660 τῶν
326 619 425 676 ἐρίων
436 650 452 670 ,
487 619 659 669 denique
686 618 918 670 pistillum,
952 630 1094 669 nempe
1130 617 1188 657 τὸν
1224 624 1286 662 τῆς
1310 619 1409 662 θυΐαις

219 686 369 743 τριβέα,
396 682 606 737 magnifice
628 684 870 735 nuncupavit
897 683 1034 729 θυέςην.
1061 684 1142 722 vid.
1171 683 1315 722 Athen.
1336 683 1408 720 ΙΙΙ.

222 770 265 807 p.
281 753 346 792 98.
364 759 402 790 et
425 757 611 802 excerpta
633 750 800 787 Helladii
820 750 845 787 l.
868 751 893 788 l.
915 752 985 802 qui
1010 751 1117 789 haud
1140 750 1300 802 illepide
1317 749 1409 787 sub-

223 819 373 870 iungit:
403 817 542 861 εἰκότως
564 818 639 868 ἄρα
663 820 724 860 τῆς
743 820 814 854 τῶν
836 817 1000 856 τοιούτων
1022 818 1227 872 ἀκροάσεως
1248 816 1315 861 τὰς
1339 815 1407 854 λα-

224 885 348 938 τομίας
375 883 511 936 μᾶλλον
538 883 654 937 ᾑρεῖτο
681 879 876 928 Φιλόξενος.

275 949 506 989 Rectissime
537 948 732 999 Augustus
757 959 822 999 ap.
852 948 1013 986 Sueton.
1039 947 1105 986 86.
1134 946 1344 985 cacozelos
1371 950 1412 984 et

223 1017 494 1067 antiquarios
522 1018 568 1051 ut
593 1013 758 1050 diverso
781 1025 933 1064 genere
958 1015 1133 1052 vitiosos
1150 1013 1256 1065 pari
1282 1011 1412 1061 fasti-

225 1084 294 1121 dio
321 1082 493 1134 sprevit.
536 1080 587 1116 At
619 1080 835 1125 κακοζηλίαν
866 1080 978 1118 istam
1013 1081 1156 1118 evitare
1188 1078 1412 1116 hominibus

225 1155 434 1189 emunctae
460 1147 565 1185 naris
588 1152 671 1183 erat
701 1146 952 1194 facillimum,
979 1152 1116 1185 contra
1142 1159 1163 1184 a
1194 1143 1321 1183 verbis
1346 1157 1411 1183 ve-

226 1214 373 1252 teribus
399 1219 436 1250 et
457 1211 640 1249 obsoletis
665 1210 859 1247 abstinere
881 1210 1020 1247 Graeci
1047 1223 1121 1248 nec
1145 1216 1327 1262 poterant
1341 1223 1416 1248 nec

225 1280 433 1324 volebant,
478 1276 631 1328 quippe
667 1275 737 1326 qui
770 1287 817 1313 ex
858 1275 1011 1314 assidua
1044 1281 1219 1315 veterum
1246 1276 1414 1314 lectione

225 1358 382 1384 omnem
411 1345 591 1394 linguae,
626 1352 707 1393 qua
734 1340 773 1377 in
803 1341 1006 1390 loquendo
1035 1347 1071 1378 et
1098 1342 1306 1379 scribendo
1329 1348 1414 1379 ute-

224 1418 379 1456 rentur,
412 1408 677 1461 cognitionem
701 1405 901 1457 petebant.
934 1406 1122 1458 Exemplo
1146 1414 1201 1447 est
1229 1408 1312 1460 ipse
1336 1408 1415 1446 Lu-

228 1479 384 1521 cianus,
427 1474 498 1525 qui
534 1484 658 1522 quum
701 1471 938 1521 Lexiphanis
968 1472 1135 1523 ineptias
1170 1475 1340 1525 exagitat
1371 1489 1411 1525 p.

226 1542 442 1583 348utitur
458 1539 587 1576 hisce:
618 1535 759 1589 μα’λιςα
786 1534 828 1575 δὲ
850 1537 987 1593 Χάρισι
1004 1536 1064 1576 καὶ
1089 1540 1259 1594 σαφηνείᾳ
1279 1542 1347 1580 θῦε
1361 1564 1412 1569 .-

232 1610 292 1650 καὶ
314 1611 331 1648 ὁ
359 1612 464 1663 τῦφος
493 1606 534 1645 δὲ
557 1605 616 1644 καὶ
639 1607 661 1648 ἡ
684 1605 916 1658 μεγαλαυχία
943 1606 1003 1646 καὶ
1026 1610 1047 1650 ἡ
1069 1611 1264 1652 κακοήθεια
1287 1611 1347 1650 καὶ
1374 1611 1416 1650 τὸ»

230 1676 474 1735 βρενθύεσθαι
501 1671 562 1712 καὶ
596 1672 820 1729 λαρυγγίζειν
851 1674 991 1719 ἀπέςω.
1031 1674 1153 1728 Atqui
1182 1677 1285 1715 istud
1311 1677 1414 1734 βρεν-

227 1747 389 1786 θύεσθαι
415 1748 454 1780 et
488 1740 714 1796 λαρυγγίζειν
739 1753 786 1778 ex
815 1742 945 1791 prisco
979 1742 1200 1781 Atticorum
1240 1757 1415 1782 sermone

230 1812 385 1857 sumsit3
429 1814 644 1858 utrumque
688 1812 744 1843 est
782 1806 892 1858 apud
928 1806 1255 1860 Aristophanem,
1298 1822 1419 1861 quem

231 1880 344 1918 Plato
371 1874 548 1926 sequitur
574 1878 611 1910 et
638 1871 936 1910 Demosthenes:
967 1872 1060 1912 hinc
1087 1873 1214 1912 doctis
1235 1875 1416 1914 innotue-

229 1951 320 1984 runt
349 1948 386 1980 et
413 1940 554 1978 crebro
582 1952 654 1976 usu
682 1938 930 1989 frequentata
965 1944 1073 1976 sunt:
1113 1939 1265 1991 reliqua
1294 1940 1414 1978 Grae-

234 2025 371 2052 corum
395 2008 630 2053 multitudo,
667 2006 786 2058 (quos
811 2006 934 2043 solent
963 2006 1031 2043 illo
1064 2012 1241 2059 tempore
1272 2005 1417 2053 ἰδιώτας

230 2077 456 2132 appellare,
486 2074 692 2127 oppositos
715 2074 787 2119 τοῖς
813 2071 1123 2126 πεπαιδευμένοις,
1150 2073 1220 2124 qui
1248 2080 1417 2113 veterem

228 2148 403 2199 linguam
437 2140 658 2187 callebant,
697 2147 735 2179 et
769 2139 965 2179 vocabula
995 2140 1040 2178 iis
1074 2145 1261 2191 usurpata
1301 2146 1339 2178 et
1367 2141 1417 2179 ab

231 2213 399 2263 antiquo
426 2222 601 2248 sermone
634 2209 760 2247 aliena
789 2206 971 2259 ἰδιωτικά)
1002 2207 1072 2245 ista
1100 2219 1150 2245 ne
1177 2206 1417 2259 intelligebat

233 2280 408 2331 quidem.
459 2277 601 2334 Itaque
637 2275 715 2312 hoc
748 2274 924 2312 homines
949 2273 1057 2310 docti
1084 2285 1158 2309 nee
1188 2272 1259 2310 sibi
1287 2287 1419 2325 neque

236 2347 317 2384 aliis
366 2344 460 2383 vitio
503 2341 732 2388 vertebant,
778 2338 897 2378 modo
940 2352 989 2377 ne
1031 2340 1155 2377 nimis
1203 2339 1330 2391 prisca
1380 2346 1417 2378 et
