<?xml version="1.0" encoding="UTF-8"?>
<!DOCTYPE html PUBLIC "-//W3C//DTD XHTML 1.0 Transitional//EN"
    "http://www.w3.org/TR/xhtml1/DTD/xhtml1-transitional.dtd">
<html xmlns="http://www.w3.org/1999/xhtml" xml:lang="en" lang="en">
 <head>
  <title>
</title>
<meta http-equiv="Content-Type" content="text/html;charset=utf-8" />
  <meta name='ocr-system' content='tesseract 3.04.00' />
  <meta name='ocr-capabilities' content='ocr_page ocr_carea ocr_par ocr_line ocrx_word'/>
</head>
<body>
  <div class='ocr_page' id='page_1' title='image "4738083_0067.png"; bbox 0 0 1572 2801; ppageno 0'>
   <div class='ocr_carea' id='block_1_1' title="bbox 730 220 786 263">
    <p class='ocr_par' dir='ltr' id='par_1_1' title="bbox 730 220 786 263">
     <span class='ocr_line' id='line_1_1' title="bbox 730 220 786 263; baseline 0 0"><span class='ocrx_word' id='word_1_1' title='bbox 730 220 786 263; x_wconf 83' lang='lat'>55</span> 
     </span>
    </p>
   </div>
   <div class='ocr_carea' id='block_1_2' title="bbox 168 351 1360 2368">
    <p class='ocr_par' dir='ltr' id='par_1_2' title="bbox 168 351 1360 1832">
     <span class='ocr_line' id='line_1_2' title="bbox 168 351 1349 407; baseline 0.002 -15"><span class='ocrx_word' id='word_1_2' title='bbox 168 354 360 407; x_wconf 80' lang='lat' dir='ltr'>posuisse</span> <span class='ocrx_word' id='word_1_3' title='bbox 383 366 528 399; x_wconf 81' lang='lat' dir='ltr'>curas,</span> <span class='ocrx_word' id='word_1_4' title='bbox 562 351 690 404; x_wconf 90' lang='lat' dir='ltr'>(quod</span> <span class='ocrx_word' id='word_1_5' title='bbox 709 358 746 390; x_wconf 92' lang='lat' dir='ltr'>et</span> <span class='ocrx_word' id='word_1_6' title='bbox 765 353 890 404; x_wconf 84' lang='lat' dir='ltr'>ipsum</span> <span class='ocrx_word' id='word_1_7' title='bbox 912 354 1002 391; x_wconf 90' lang='lat' dir='ltr'>satis</span> <span class='ocrx_word' id='word_1_8' title='bbox 1023 353 1250 406; x_wconf 88' lang='lat' dir='ltr'>ambiguum</span> <span class='ocrx_word' id='word_1_9' title='bbox 1276 357 1349 405; x_wconf 91' lang='lat' dir='ltr'>est)</span> 
     </span>
     <span class='ocr_line' id='line_1_3' title="bbox 169 417 1348 469; baseline 0.002 -12"><span class='ocrx_word' id='word_1_10' title='bbox 169 420 238 458; x_wconf 76' lang='grc' dir='ltr'>ὑπὸ</span> <span class='ocrx_word' id='word_1_11' title='bbox 255 418 404 458; x_wconf 82' lang='grc' dir='ltr'>σκολιοῖο</span> <span class='ocrx_word' id='word_1_12' title='bbox 425 420 576 459; x_wconf 84' lang='grc' dir='ltr'>τυπέντα</span> <span class='ocrx_word' id='word_1_13' title='bbox 599 417 730 469; x_wconf 76' lang='grc' dir='ltr'>τόξου,</span> <span class='ocrx_word' id='word_1_14' title='bbox 761 419 871 469; x_wconf 89' lang='lat' dir='ltr'>quod</span> <span class='ocrx_word' id='word_1_15' title='bbox 900 420 960 456; x_wconf 83' lang='lat' dir='ltr'>vix</span> <span class='ocrx_word' id='word_1_16' title='bbox 984 420 1120 456; x_wconf 88' lang='lat' dir='ltr'>credas</span> <span class='ocrx_word' id='word_1_17' title='bbox 1149 434 1169 457; x_wconf 90' lang='lat' dir='ltr'>a</span> <span class='ocrx_word' id='word_1_18' title='bbox 1196 421 1348 459; x_wconf 87' lang='lat' dir='ltr'>Graeco</span> 
     </span>
     <span class='ocr_line' id='line_1_4' title="bbox 170 483 1351 538; baseline 0.003 -16"><span class='ocrx_word' id='word_1_19' title='bbox 170 488 315 536; x_wconf 71' lang='lat' dir='ltr'>poeta,</span> <span class='ocrx_word' id='word_1_20' title='bbox 356 498 599 537; x_wconf 86' lang='lat' dir='ltr'>quamquam</span> <span class='ocrx_word' id='word_1_21' title='bbox 638 483 861 521; x_wconf 82' lang='lat' dir='ltr'>Alexandro</span> <span class='ocrx_word' id='word_1_22' title='bbox 899 484 1077 535; x_wconf 88' lang='lat' dir='ltr'>aequali,</span> <span class='ocrx_word' id='word_1_23' title='bbox 1120 486 1235 523; x_wconf 85' lang='lat' dir='ltr'><strong>scribi</strong></span> <span class='ocrx_word' id='word_1_24' title='bbox 1276 500 1351 538; x_wconf 88' lang='lat' dir='ltr'>po-</span> 
     </span>
     <span class='ocr_line' id='line_1_5' title="bbox 169 549 1352 603; baseline 0.003 -16"><span class='ocrx_word' id='word_1_25' title='bbox 169 551 295 588; x_wconf 84' lang='lat' dir='ltr'>tuisse.</span> <span class='ocrx_word' id='word_1_26' title='bbox 339 551 512 588; x_wconf 88' lang='lat' dir='ltr'>Tantane</span> <span class='ocrx_word' id='word_1_27' title='bbox 539 551 658 601; x_wconf 87' lang='lat' dir='ltr'>igitur</span> <span class='ocrx_word' id='word_1_28' title='bbox 690 549 841 585; x_wconf 84' lang='lat' dir='ltr'>Homeri</span> <span class='ocrx_word' id='word_1_29' title='bbox 868 555 905 585; x_wconf 88' lang='lat' dir='ltr'>et</span> <span class='ocrx_word' id='word_1_30' title='bbox 930 549 1159 588; x_wconf 89' lang='lat' dir='ltr'>Homericae</span> <span class='ocrx_word' id='word_1_31' title='bbox 1196 552 1352 603; x_wconf 85' lang='lat' dir='ltr'>linguae</span> 
     </span>
     <span class='ocr_line' id='line_1_6' title="bbox 169 614 1353 668; baseline 0.002 -16"><span class='ocrx_word' id='word_1_32' title='bbox 169 614 316 653; x_wconf 80' lang='lat' dir='ltr'>oblivio</span> <span class='ocrx_word' id='word_1_33' title='bbox 356 615 529 652; x_wconf 90' lang='lat' dir='ltr'>omnium</span> <span class='ocrx_word' id='word_1_34' title='bbox 568 619 834 664; x_wconf 88' lang='lat' dir='ltr'>occupaverat</span> <span class='ocrx_word' id='word_1_35' title='bbox 870 614 1017 651; x_wconf 84' lang='lat' dir='ltr'>animos</span> <span class='ocrx_word' id='word_1_36' title='bbox 1046 615 1159 651; x_wconf 88' lang='lat' dir='ltr'>etiam</span> <span class='ocrx_word' id='word_1_37' title='bbox 1192 616 1232 653; x_wconf 89' lang='lat' dir='ltr'>in</span> <span class='ocrx_word' id='word_1_38' title='bbox 1268 618 1353 668; x_wconf 87' lang='lat' dir='ltr'>ipsa</span> 
     </span>
     <span class='ocr_line' id='line_1_7' title="bbox 171 680 1355 732; baseline 0.001 -12"><span class='ocrx_word' id='word_1_39' title='bbox 171 682 303 720; x_wconf 84' lang='lat' dir='ltr'>Ionia!</span> <span class='ocrx_word' id='word_1_40' title='bbox 345 682 422 719; x_wconf 90' lang='lat' dir='ltr'>Sed</span> <span class='ocrx_word' id='word_1_41' title='bbox 443 682 533 718; x_wconf 87' lang='lat' dir='ltr'>satis</span> <span class='ocrx_word' id='word_1_42' title='bbox 558 693 604 718; x_wconf 83' lang='lat' dir='ltr'>ex</span> <span class='ocrx_word' id='word_1_43' title='bbox 631 680 689 717; x_wconf 91' lang='lat' dir='ltr'>his</span> <span class='ocrx_word' id='word_1_44' title='bbox 717 693 910 732; x_wconf 86' lang='lat' dir='ltr'>apparere</span> <span class='ocrx_word' id='word_1_45' title='bbox 937 681 1124 725; x_wconf 84' lang='lat' dir='ltr'>arbitror,</span> <span class='ocrx_word' id='word_1_46' title='bbox 1156 682 1267 732; x_wconf 85' lang='lat' dir='ltr'>quod</span> <span class='ocrx_word' id='word_1_47' title='bbox 1292 697 1355 721; x_wconf 91' lang='lat' dir='ltr'>vo-</span> 
     </span>
     <span class='ocr_line' id='line_1_8' title="bbox 169 746 1351 801; baseline 0.001 -17"><span class='ocrx_word' id='word_1_48' title='bbox 169 747 298 784; x_wconf 77' lang='lat' dir='ltr'>lebam</span> <span class='ocrx_word' id='word_1_49' title='bbox 337 747 552 784; x_wconf 80' lang='lat' dir='ltr'>ostendere.</span> <span class='ocrx_word' id='word_1_50' title='bbox 619 746 845 801; x_wconf 86' lang='lat' dir='ltr'>Cavendum</span> <span class='ocrx_word' id='word_1_51' title='bbox 892 747 1032 798; x_wconf 82' lang='lat' dir='ltr'>igitur;</span> <span class='ocrx_word' id='word_1_52' title='bbox 1088 759 1137 783; x_wconf 88' lang='lat' dir='ltr'>ne</span> <span class='ocrx_word' id='word_1_53' title='bbox 1191 748 1351 786; x_wconf 84' lang='lat' dir='ltr'>istorum</span> 
     </span>
     <span class='ocr_line' id='line_1_9' title="bbox 171 812 1354 866; baseline 0.003 -16"><span class='ocrx_word' id='word_1_54' title='bbox 171 813 271 850; x_wconf 81' lang='lat' dir='ltr'>futili</span> <span class='ocrx_word' id='word_1_55' title='bbox 313 813 546 851; x_wconf 83' lang='lat' dir='ltr'>auctoritate</span> <span class='ocrx_word' id='word_1_56' title='bbox 587 813 628 850; x_wconf 93' lang='lat' dir='ltr'>in</span> <span class='ocrx_word' id='word_1_57' title='bbox 670 813 941 851; x_wconf 88' lang='lat' dir='ltr'>constituenda</span> <span class='ocrx_word' id='word_1_58' title='bbox 984 812 1158 851; x_wconf 80' lang='lat' dir='ltr'>Graecae</span> <span class='ocrx_word' id='word_1_59' title='bbox 1197 814 1354 866; x_wconf 85' lang='lat' dir='ltr'>linguae</span> 
     </span>
     <span class='ocr_line' id='line_1_10' title="bbox 172 878 1355 930; baseline 0.003 -15"><span class='ocrx_word' id='word_1_60' title='bbox 172 880 361 930; x_wconf 78' lang='lat' dir='ltr'>antiquae</span> <span class='ocrx_word' id='word_1_61' title='bbox 388 879 631 929; x_wconf 74' lang='lat' dir='ltr'>cognitione,</span> <span class='ocrx_word' id='word_1_62' title='bbox 663 878 703 914; x_wconf 91' lang='lat' dir='ltr'>in</span> <span class='ocrx_word' id='word_1_63' title='bbox 724 878 1027 928; x_wconf 84' lang='lat' dir='ltr'>interpretandis</span> <span class='ocrx_word' id='word_1_64' title='bbox 1052 886 1119 916; x_wconf 85' lang='lat' dir='ltr'>aut</span> <span class='ocrx_word' id='word_1_65' title='bbox 1148 881 1355 919; x_wconf 87' lang='lat' dir='ltr'>emendan-</span> 
     </span>
     <span class='ocr_line' id='line_1_11' title="bbox 171 943 1356 1000; baseline 0.003 -18"><span class='ocrx_word' id='word_1_66' title='bbox 171 945 232 982; x_wconf 87' lang='lat' dir='ltr'>dis</span> <span class='ocrx_word' id='word_1_67' title='bbox 279 944 532 995; x_wconf 87' lang='lat' dir='ltr'>antiquorum</span> <span class='ocrx_word' id='word_1_68' title='bbox 582 944 842 981; x_wconf 78' lang='lat' dir='ltr'>monumentis</span> <span class='ocrx_word' id='word_1_69' title='bbox 891 943 1149 996; x_wconf 86' lang='lat' dir='ltr'>decipiamur.</span> <span class='ocrx_word' id='word_1_70' title='bbox 1224 947 1356 1000; x_wconf 85' lang='lat' dir='ltr'>Delegi</span> 
     </span>
     <span class='ocr_line' id='line_1_12' title="bbox 171 1010 1356 1063; baseline 0.003 -15"><span class='ocrx_word' id='word_1_71' title='bbox 171 1011 523 1048; x_wconf 84' lang='lat' dir='ltr'>Hermesianactem</span> <span class='ocrx_word' id='word_1_72' title='bbox 554 1010 817 1060; x_wconf 88' lang='lat' dir='ltr'>potissimum,</span> <span class='ocrx_word' id='word_1_73' title='bbox 855 1023 978 1060; x_wconf 92' lang='lat' dir='ltr'>quum</span> <span class='ocrx_word' id='word_1_74' title='bbox 1009 1012 1189 1063; x_wconf 86' lang='lat' dir='ltr'>plerique</span> <span class='ocrx_word' id='word_1_75' title='bbox 1222 1026 1356 1052; x_wconf 91' lang='lat' dir='ltr'>omnes</span> 
     </span>
     <span class='ocr_line' id='line_1_13' title="bbox 170 1073 1355 1126; baseline 0.003 -14"><span class='ocrx_word' id='word_1_76' title='bbox 170 1074 405 1113; x_wconf 83' lang='lat' dir='ltr'>recentiores</span> <span class='ocrx_word' id='word_1_77' title='bbox 428 1073 563 1110; x_wconf 90' lang='lat' dir='ltr'>iisdem</span> <span class='ocrx_word' id='word_1_78' title='bbox 586 1074 761 1112; x_wconf 85' lang='lat' dir='ltr'>laborent</span> <span class='ocrx_word' id='word_1_79' title='bbox 786 1075 906 1120; x_wconf 86' lang='lat' dir='ltr'>malis,</span> <span class='ocrx_word' id='word_1_80' title='bbox 938 1082 1101 1126; x_wconf 88' lang='lat' dir='ltr'>propter</span> <span class='ocrx_word' id='word_1_81' title='bbox 1126 1077 1355 1115; x_wconf 88' lang='lat' dir='ltr'>Ruhnkenii</span> 
     </span>
     <span class='ocr_line' id='line_1_14' title="bbox 173 1138 1357 1193; baseline 0.003 -14"><span class='ocrx_word' id='word_1_82' title='bbox 173 1141 446 1179; x_wconf 88' lang='lat' dir='ltr'>auctoritatem</span> <span class='ocrx_word' id='word_1_83' title='bbox 473 1138 675 1176; x_wconf 79' lang='lat' dir='ltr'>scribentis</span> <span class='ocrx_word' id='word_1_84' title='bbox 706 1140 746 1176; x_wconf 88' lang='lat' dir='ltr'>in</span> <span class='ocrx_word' id='word_1_85' title='bbox 771 1140 890 1190; x_wconf 92' lang='lat' dir='ltr'>Epist.</span> <span class='ocrx_word' id='word_1_86' title='bbox 928 1140 1019 1178; x_wconf 90' lang='lat' dir='ltr'>Crit.</span> <span class='ocrx_word' id='word_1_87' title='bbox 1053 1142 1105 1178; x_wconf 89' lang='grc' dir='ltr'>ΙΙ.</span> <span class='ocrx_word' id='word_1_88' title='bbox 1140 1157 1182 1193; x_wconf 87' lang='lat' dir='ltr'>p.</span> <span class='ocrx_word' id='word_1_89' title='bbox 1208 1143 1288 1181; x_wconf 84' lang='lat'>283</span> <span class='ocrx_word' id='word_1_90' title='bbox 1318 1157 1357 1181; x_wconf 93' lang='lat' dir='ltr'>se</span> 
     </span>
     <span class='ocr_line' id='line_1_15' title="bbox 174 1206 1357 1259; baseline 0.002 -15"><span class='ocrx_word' id='word_1_91' title='bbox 174 1213 338 1259; x_wconf 84' lang='lat' dir='ltr'>captum</span> <span class='ocrx_word' id='word_1_92' title='bbox 366 1207 520 1244; x_wconf 72' lang='lat' dir='ltr'>eximia</span> <span class='ocrx_word' id='word_1_93' title='bbox 546 1207 748 1242; x_wconf 76' lang='lat' dir='ltr'>carminis</span> <span class='ocrx_word' id='word_1_94' title='bbox 777 1206 1096 1257; x_wconf 71' lang='lat' dir='ltr'>pulchritudine</span> <span class='ocrx_word' id='word_1_95' title='bbox 1119 1230 1171 1236; x_wconf 91' lang='lat'>—-</span> <span class='ocrx_word' id='word_1_96' title='bbox 1203 1221 1283 1259; x_wconf 85' lang='lat' dir='ltr'>quo</span> <span class='ocrx_word' id='word_1_97' title='bbox 1310 1211 1357 1246; x_wconf 83' lang='lat' dir='ltr'>in</span> 
     </span>
     <span class='ocr_line' id='line_1_16' title="bbox 177 1270 1358 1326; baseline 0.002 -16"><span class='ocrx_word' id='word_1_98' title='bbox 177 1277 297 1310; x_wconf 84' lang='lat' dir='ltr'>tanto</span> <span class='ocrx_word' id='word_1_99' title='bbox 329 1276 512 1309; x_wconf 85' lang='lat' dir='ltr'>veterum</span> <span class='ocrx_word' id='word_1_100' title='bbox 554 1270 796 1325; x_wconf 83' lang='lat' dir='ltr'>Elegiarum</span> <span class='ocrx_word' id='word_1_101' title='bbox 828 1273 994 1309; x_wconf 84' lang='lat' dir='ltr'>iactura</span> <span class='ocrx_word' id='word_1_102' title='bbox 1035 1274 1106 1310; x_wconf 81' lang='lat' dir='ltr'>vix</span> <span class='ocrx_word' id='word_1_103' title='bbox 1140 1275 1358 1326; x_wconf 81' lang='lat' dir='ltr'>quicquam</span> 
     </span>
     <span class='ocr_line' id='line_1_17' title="bbox 169 1337 1358 1388; baseline 0.003 -15"><span class='ocrx_word' id='word_1_104' title='bbox 169 1339 465 1388; x_wconf 78' lang='lat' dir='ltr'>praestantius</span> <span class='ocrx_word' id='word_1_105' title='bbox 501 1337 709 1374; x_wconf 76' lang='lat' dir='ltr'>habemus.</span> <span class='ocrx_word' id='word_1_106' title='bbox 755 1337 1039 1374; x_wconf 86' lang='lat' dir='ltr'>Ruhnkenium</span> <span class='ocrx_word' id='word_1_107' title='bbox 1075 1339 1253 1375; x_wconf 90' lang='lat' dir='ltr'>iuvenem</span> <span class='ocrx_word' id='word_1_108' title='bbox 1278 1345 1358 1376; x_wconf 88' lang='lat' dir='ltr'>tam</span> 
     </span>
     <span class='ocr_line' id='line_1_18' title="bbox 176 1402 1357 1453; baseline 0.003 -15"><span class='ocrx_word' id='word_1_109' title='bbox 176 1402 386 1453; x_wconf 87' lang='lat' dir='ltr'>magnifice</span> <span class='ocrx_word' id='word_1_110' title='bbox 409 1402 457 1438; x_wconf 91' lang='lat' dir='ltr'>de</span> <span class='ocrx_word' id='word_1_111' title='bbox 481 1414 527 1443; x_wconf 85' lang='lat' dir='ltr'>eo</span> <span class='ocrx_word' id='word_1_112' title='bbox 552 1403 707 1439; x_wconf 85' lang='lat' dir='ltr'>sensisse</span> <span class='ocrx_word' id='word_1_113' title='bbox 727 1414 806 1439; x_wconf 88' lang='lat' dir='ltr'>non</span> <span class='ocrx_word' id='word_1_114' title='bbox 828 1409 881 1439; x_wconf 92' lang='lat' dir='ltr'>est</span> <span class='ocrx_word' id='word_1_115' title='bbox 906 1402 1015 1453; x_wconf 85' lang='lat' dir='ltr'>quod</span> <span class='ocrx_word' id='word_1_116' title='bbox 1037 1404 1235 1441; x_wconf 89' lang='lat' dir='ltr'>miremur.</span> <span class='ocrx_word' id='word_1_117' title='bbox 1265 1404 1357 1441; x_wconf 86' lang='lat' dir='ltr'>Erat</span> 
     </span>
     <span class='ocr_line' id='line_1_19' title="bbox 175 1468 1359 1518; baseline 0 -13"><span class='ocrx_word' id='word_1_118' title='bbox 175 1475 258 1505; x_wconf 90' lang='lat' dir='ltr'>tum</span> <span class='ocrx_word' id='word_1_119' title='bbox 284 1469 483 1504; x_wconf 85' lang='lat' dir='ltr'>saeculum</span> <span class='ocrx_word' id='word_1_120' title='bbox 515 1469 555 1504; x_wconf 91' lang='lat' dir='ltr'>in</span> <span class='ocrx_word' id='word_1_121' title='bbox 583 1468 803 1504; x_wconf 88' lang='lat' dir='ltr'>huiusmodi</span> <span class='ocrx_word' id='word_1_122' title='bbox 833 1469 1088 1518; x_wconf 89' lang='lat' dir='ltr'>scriptoribus</span> <span class='ocrx_word' id='word_1_123' title='bbox 1114 1468 1359 1505; x_wconf 81' lang='lat' dir='ltr'>celebrandis</span> 
     </span>
     <span class='ocr_line' id='line_1_20' title="bbox 172 1533 1360 1585; baseline -0.003 -13"><span class='ocrx_word' id='word_1_124' title='bbox 172 1533 440 1572; x_wconf 86' lang='lat' dir='ltr'>et.ornandis</span> <span class='ocrx_word' id='word_1_125' title='bbox 479 1533 641 1570; x_wconf 86' lang='lat' dir='ltr'>multam</span> <span class='ocrx_word' id='word_1_126' title='bbox 686 1533 943 1570; x_wconf 89' lang='lat' dir='ltr'>eruditionem</span> <span class='ocrx_word' id='word_1_127' title='bbox 984 1545 1224 1585; x_wconf 84' lang='lat' dir='ltr'>expromere.</span> <span class='ocrx_word' id='word_1_128' title='bbox 1281 1533 1360 1570; x_wconf 91' lang='lat' dir='ltr'>Sed</span> 
     </span>
     <span class='ocr_line' id='line_1_21' title="bbox 174 1597 1360 1648; baseline 0.001 -13"><span class='ocrx_word' id='word_1_129' title='bbox 174 1598 356 1636; x_wconf 86' lang='lat' dir='ltr'>iuvenilia</span> <span class='ocrx_word' id='word_1_130' title='bbox 389 1597 428 1634; x_wconf 90' lang='lat' dir='ltr'>in</span> <span class='ocrx_word' id='word_1_131' title='bbox 455 1597 522 1633; x_wconf 86' lang='lat' dir='ltr'>illo</span> <span class='ocrx_word' id='word_1_132' title='bbox 551 1609 595 1634; x_wconf 85' lang='lat' dir='ltr'>ea</span> <span class='ocrx_word' id='word_1_133' title='bbox 623 1597 752 1634; x_wconf 86' lang='lat' dir='ltr'>studia</span> <span class='ocrx_word' id='word_1_134' title='bbox 788 1597 963 1643; x_wconf 84' lang='lat' dir='ltr'>fuerunt,</span> <span class='ocrx_word' id='word_1_135' title='bbox 996 1611 1114 1648; x_wconf 83' lang='lat' dir='ltr'>quem</span> <span class='ocrx_word' id='word_1_136' title='bbox 1148 1600 1360 1637; x_wconf 85' lang='lat' dir='ltr'>maturiore</span> 
     </span>
     <span class='ocr_line' id='line_1_22' title="bbox 178 1658 1359 1713; baseline 0.001 -14"><span class='ocrx_word' id='word_1_137' title='bbox 178 1668 306 1700; x_wconf 87' lang='lat' dir='ltr'>aetate</span> <span class='ocrx_word' id='word_1_138' title='bbox 332 1658 421 1699; x_wconf 88' lang='lat' dir='ltr'>satis</span> <span class='ocrx_word' id='word_1_139' title='bbox 449 1668 601 1699; x_wconf 86' lang='lat' dir='ltr'>constat</span> <span class='ocrx_word' id='word_1_140' title='bbox 637 1661 820 1712; x_wconf 86' lang='lat' dir='ltr'>antiquos</span> <span class='ocrx_word' id='word_1_141' title='bbox 848 1668 885 1698; x_wconf 87' lang='lat' dir='ltr'>et</span> <span class='ocrx_word' id='word_1_142' title='bbox 918 1663 988 1712; x_wconf 86' lang='lat' dir='ltr'>qui</span> <span class='ocrx_word' id='word_1_143' title='bbox 1021 1662 1071 1698; x_wconf 89' lang='lat' dir='ltr'>ad</span> <span class='ocrx_word' id='word_1_144' title='bbox 1105 1664 1359 1713; x_wconf 84' lang='lat' dir='ltr'>antiquorum</span> 
     </span>
     <span class='ocr_line' id='line_1_23' title="bbox 175 1727 1356 1779; baseline -0.002 -13"><span class='ocrx_word' id='word_1_145' title='bbox 175 1729 377 1766; x_wconf 85' lang='lat' dir='ltr'>sanitatem</span> <span class='ocrx_word' id='word_1_146' title='bbox 403 1728 579 1779; x_wconf 86' lang='lat' dir='ltr'>proxime</span> <span class='ocrx_word' id='word_1_147' title='bbox 606 1727 850 1766; x_wconf 83' lang='lat' dir='ltr'>accedebant</span> <span class='ocrx_word' id='word_1_148' title='bbox 884 1729 999 1765; x_wconf 88' lang='lat' dir='ltr'>unice</span> <span class='ocrx_word' id='word_1_149' title='bbox 1023 1727 1208 1779; x_wconf 80' lang='lat' dir='ltr'>probasse</span> <span class='ocrx_word' id='word_1_150' title='bbox 1234 1734 1271 1765; x_wconf 88' lang='lat' dir='ltr'>et</span> <span class='ocrx_word' id='word_1_151' title='bbox 1296 1728 1356 1765; x_wconf 90' lang='lat' dir='ltr'>di-</span> 
     </span>
     <span class='ocr_line' id='line_1_24' title="bbox 177 1795 324 1832; baseline -0.007 0"><span class='ocrx_word' id='word_1_152' title='bbox 177 1795 324 1832; x_wconf 85' lang='lat' dir='ltr'>lexisse.</span> 
     </span>
    </p>

    <p class='ocr_par' dir='ltr' id='par_1_3' title="bbox 170 1858 1360 2368">
     <span class='ocr_line' id='line_1_25' title="bbox 230 1858 1359 1911; baseline 0 -15"><span class='ocrx_word' id='word_1_153' title='bbox 230 1859 323 1911; x_wconf 87' lang='lat' dir='ltr'>Pag.</span> <span class='ocrx_word' id='word_1_154' title='bbox 352 1862 416 1896; x_wconf 85' lang='lat'>22.</span> <span class='ocrx_word' id='word_1_155' title='bbox 466 1858 526 1896; x_wconf 82' lang='lat' dir='ltr'>Ab</span> <span class='ocrx_word' id='word_1_156' title='bbox 561 1861 861 1909; x_wconf 80' lang='lat' dir='ltr'>antiquissima</span> <span class='ocrx_word' id='word_1_157' title='bbox 896 1861 1100 1910; x_wconf 24' lang='lat' dir='ltr'>memoria·</span> <span class='ocrx_word' id='word_1_158' title='bbox 1114 1871 1199 1910; x_wconf 81' lang='lat' dir='ltr'>per</span> <span class='ocrx_word' id='word_1_159' title='bbox 1231 1859 1359 1896; x_wconf 83' lang='lat' dir='ltr'>libra-</span> 
     </span>
     <span class='ocr_line' id='line_1_26' title="bbox 176 1925 1359 1978; baseline -0.003 -14"><span class='ocrx_word' id='word_1_160' title='bbox 176 1928 334 1964; x_wconf 77' lang='lat' dir='ltr'>riorum</span> <span class='ocrx_word' id='word_1_161' title='bbox 362 1939 510 1964; x_wconf 88' lang='lat' dir='ltr'>manus</span> <span class='ocrx_word' id='word_1_162' title='bbox 528 1928 762 1978; x_wconf 74' lang='lat' dir='ltr'>propagati</span> <span class='ocrx_word' id='word_1_163' title='bbox 789 1928 872 1963; x_wconf 87' lang='lat' dir='ltr'>iam</span> <span class='ocrx_word' id='word_1_164' title='bbox 901 1927 996 1964; x_wconf 68' lang='lat' dir='ltr'>olim</span> <span class='ocrx_word' id='word_1_165' title='bbox 1026 1925 1235 1963; x_wconf 76' lang='lat' dir='ltr'>erroribus</span> <span class='ocrx_word' id='word_1_166' title='bbox 1259 1926 1359 1962; x_wconf 82' lang='lat' dir='ltr'>islo-</span> 
     </span>
     <span class='ocr_line' id='line_1_27' title="bbox 177 1990 1360 2042; baseline -0.001 -13"><span class='ocrx_word' id='word_1_167' title='bbox 177 2005 289 2036; x_wconf 74' lang='lat' dir='ltr'>rum,</span> <span class='ocrx_word' id='word_1_168' title='bbox 321 1991 579 2028; x_wconf 80' lang='lat' dir='ltr'>indoctorum</span> <span class='ocrx_word' id='word_1_169' title='bbox 611 1990 818 2027; x_wconf 73' lang='lat' dir='ltr'>hominum</span> <span class='ocrx_word' id='word_1_170' title='bbox 843 1995 883 2028; x_wconf 85' lang='lat' dir='ltr'>et</span> <span class='ocrx_word' id='word_1_171' title='bbox 908 1991 1031 2028; x_wconf 81' lang='lat' dir='ltr'>aliud</span> <span class='ocrx_word' id='word_1_172' title='bbox 1055 1993 1265 2042; x_wconf 78' lang='lat' dir='ltr'>agentium</span> <span class='ocrx_word' id='word_1_173' title='bbox 1291 1992 1360 2028; x_wconf 86' lang='lat' dir='ltr'>de-</span> 
     </span>
     <span class='ocr_line' id='line_1_28' title="bbox 170 2055 1360 2110; baseline -0.002 -15"><span class='ocrx_word' id='word_1_174' title='bbox 170 2059 351 2110; x_wconf 77' lang='lat' dir='ltr'>pravati</span> <span class='ocrx_word' id='word_1_175' title='bbox 364 2056 632 2107; x_wconf 83' lang='lat' dir='ltr'>ferebantur.</span> <span class='ocrx_word' id='word_1_176' title='bbox 677 2055 847 2093; x_wconf 82' lang='lat' dir='ltr'>Passim</span> <span class='ocrx_word' id='word_1_177' title='bbox 883 2056 999 2108; x_wconf 73' lang='lat' dir='ltr'>apud</span> <span class='ocrx_word' id='word_1_178' title='bbox 1021 2060 1180 2093; x_wconf 78' lang='lat' dir='ltr'>veteres</span> <span class='ocrx_word' id='word_1_179' title='bbox 1209 2056 1258 2093; x_wconf 86' lang='lat' dir='ltr'>de</span> <span class='ocrx_word' id='word_1_180' title='bbox 1294 2070 1360 2093; x_wconf 83' lang='lat' dir='ltr'>eo-</span> 
     </span>
     <span class='ocr_line' id='line_1_29' title="bbox 177 2120 1356 2172; baseline -0.001 -12"><span class='ocrx_word' id='word_1_181' title='bbox 177 2123 312 2160; x_wconf 83' lang='lat' dir='ltr'>dicum</span> <span class='ocrx_word' id='word_1_182' title='bbox 355 2123 474 2160; x_wconf 81' lang='lat' dir='ltr'>vitiis</span> <span class='ocrx_word' id='word_1_183' title='bbox 518 2126 557 2158; x_wconf 85' lang='lat' dir='ltr'>et</span> <span class='ocrx_word' id='word_1_184' title='bbox 602 2121 848 2172; x_wconf 81' lang='lat' dir='ltr'>corruptelis</span> <span class='ocrx_word' id='word_1_185' title='bbox 894 2120 1087 2171; x_wconf 85' lang='lat' dir='ltr'>querelae</span> <span class='ocrx_word' id='word_1_186' title='bbox 1129 2121 1356 2172; x_wconf 80' lang='lat' dir='ltr'>leguntur).</span> 
     </span>
     <span class='ocr_line' id='line_1_30' title="bbox 182 2184 1358 2226; baseline -0.002 -1"><span class='ocrx_word' id='word_1_187' title='bbox 182 2187 547 2226; x_wconf 88' lang='lat' dir='ltr'>Luculentissimum</span> <span class='ocrx_word' id='word_1_188' title='bbox 585 2186 626 2223; x_wconf 91' lang='lat' dir='ltr'>in</span> <span class='ocrx_word' id='word_1_189' title='bbox 667 2184 742 2223; x_wconf 87' lang='lat' dir='ltr'>hac</span> <span class='ocrx_word' id='word_1_190' title='bbox 783 2197 823 2222; x_wconf 91' lang='lat' dir='ltr'>re</span> <span class='ocrx_word' id='word_1_191' title='bbox 864 2184 1125 2222; x_wconf 90' lang='lat' dir='ltr'>testimonium</span> <span class='ocrx_word' id='word_1_192' title='bbox 1171 2185 1358 2223; x_wconf 89' lang='lat' dir='ltr'>habemus</span> 
     </span>
     <span class='ocr_line' id='line_1_31' title="bbox 182 2251 1359 2305; baseline 0.001 -16"><span class='ocrx_word' id='word_1_193' title='bbox 182 2252 416 2293; x_wconf 83' lang='lat' dir='ltr'>Philemonis</span> <span class='ocrx_word' id='word_1_194' title='bbox 449 2253 558 2305; x_wconf 87' lang='lat' dir='ltr'>apud</span> <span class='ocrx_word' id='word_1_195' title='bbox 583 2252 844 2304; x_wconf 87' lang='lat' dir='ltr'>Porphyrium</span> <span class='ocrx_word' id='word_1_196' title='bbox 872 2252 911 2289; x_wconf 87' lang='lat' dir='ltr'>in</span> <span class='ocrx_word' id='word_1_197' title='bbox 941 2251 1115 2299; x_wconf 87' lang='lat' dir='ltr'>Quaestt.</span> <span class='ocrx_word' id='word_1_198' title='bbox 1146 2251 1359 2290; x_wconf 88' lang='lat' dir='ltr'>Homericis</span> 
     </span>
     <span class='ocr_line' id='line_1_32' title="bbox 183 2315 1360 2368; baseline 0 -12"><span class='ocrx_word' id='word_1_199' title='bbox 183 2317 290 2357; x_wconf 80' lang='lat' dir='ltr'><strong>VIII.</strong></span> <span class='ocrx_word' id='word_1_200' title='bbox 317 2331 436 2368; x_wconf 87' lang='lat' dir='ltr'>quem</span> <span class='ocrx_word' id='word_1_201' title='bbox 461 2320 615 2362; x_wconf 85' lang='lat' dir='ltr'>locum,</span> <span class='ocrx_word' id='word_1_202' title='bbox 646 2318 742 2368; x_wconf 87' lang='lat' dir='ltr'>quia</span> <span class='ocrx_word' id='word_1_203' title='bbox 769 2316 866 2353; x_wconf 88' lang='lat' dir='ltr'>liber</span> <span class='ocrx_word' id='word_1_204' title='bbox 889 2316 1027 2366; x_wconf 90' lang='lat' dir='ltr'>paucis</span> <span class='ocrx_word' id='word_1_205' title='bbox 1050 2321 1103 2352; x_wconf 88' lang='lat' dir='ltr'>est</span> <span class='ocrx_word' id='word_1_206' title='bbox 1128 2315 1179 2353; x_wconf 91' lang='lat' dir='ltr'>ad</span> <span class='ocrx_word' id='word_1_207' title='bbox 1200 2328 1360 2356; x_wconf 86' lang='lat' dir='ltr'>manum</span> 
     </span>
    </p>
   </div>
  </div>
 </body>
</html>
