1572 2801
728 176 786 219 56

142 314 292 368 βίβλου,
328 318 404 355 ἥτις
437 310 493 355 ἐςὶ
524 309 676 364 δευτέρα
708 314 750 359 τῇ
787 308 889 354 τάξει
922 309 1070 362 εὑρίσκω
1097 309 1205 348 πάλιν
1231 309 1330 347 κατὰ

145 384 207 424 τὴν
235 379 433 419 αἰτιατικὴν
459 381 595 417 πτῶσιν
623 375 763 414 εἰπόντα
790 374 847 412 τὸν
872 373 1064 430 Ἡρόδοτον
1095 377 1333 418 ἀνέθηκεν

149 447 213 492 εἰς
253 442 542 500 Βραγχίδας
580 442 663 486 τὰς
698 440 945 484 Μιλησίων
982 440 1051 489 (11.
1088 440 1193 490 150.)
1219 442 1335 482 οὐκέτι

151 509 209 551 οὖν
247 516 346 566 ᾤμην
377 511 580 564 ἁμάρτημα
601 509 696 546 εἶναι
728 507 898 563 γραφικόν
908 538 924 558 ,
952 506 1102 545 Ἰωνικὸν
1127 505 1170 545 δὲ
1198 507 1334 559 μᾶλλον

151 578 299 631 ἰδίωμα.
331 575 451 616 πολλὰ
478 576 552 630 γὰρ
578 571 670 614 οὗτοι
693 579 762 613 τῶν
787 576 970 627 ὀνομάτων
992 575 1154 630 χαίρουσι
1177 575 1336 620 θηλυκῶς

151 644 361 699 ἐκφέροντες.
420 641 539 679 Vides
574 653 696 691 quam
733 641 909 690 corrupti
945 641 1039 676 olim
1070 636 1219 678 'fuerint
1248 641 1338 678 libri

153 716 324 755 veteres,
367 719 489 759 quam
518 706 710 744 audacter
735 712 772 743 et
800 706 978 757 imperite
1003 718 1026 743 a
1052 708 1342 746 correctoribus

166 774 401 825 nterpolati,
434 772 541 809 vides
573 772 769 808 nascentIs
807 771 960 828 critices
994 771 1212 817 levitatem,
1250 785 1343 809 nam

153 838 345 878 levissima
373 849 452 875 esse
478 836 661 874 fateberis
682 849 787 888 quae
810 836 1090 887 Aristophanes
1118 844 1156 875 et
1177 838 1342 877 Alexan·

154 905 226 942 der
252 910 291 941 et
313 903 517 940 Philemon
538 903 579 939 in
601 903 770 938 Homero
790 907 827 937 et
851 902 1052 938 Herodoto
1076 905 1209 940 conati
1237 911 1339 942 sunt.

154 967 305 1006 Fefeltit
330 965 598 1004 Alexandrum
629 965 753 1003 forma
785 964 1018 1021 Βραγχίδαι,
1047 980 1168 1019 quam
1195 982 1338 1022 perpe-

153 1048 239 1072 ram
274 1033 413 1071 habuit
447 1045 522 1084 pro
556 1033 845 1083 patronymica.
895 1033 981 1070 Imo
1019 1046 1111 1071 vero
1144 1036 1343 1073 soloecum

155 1105 212 1137 est
258 1098 371 1150 quod
411 1109 520 1135 nunc
560 1097 702 1149 legitur
756 1097 866 1149 apud
909 1098 1151 1137 Herodotum
1188 1101 1220 1138 Ι.
1254 1100 1340 1139 158.

157 1165 366 1217 πέμψαντες
392 1160 439 1201 ὧν
471 1162 504 1207 ἐς
539 1161 617 1207 τοὺς
649 1163 861 1216 Βραγχίδας
893 1163 1129 1218 θεοπρόπους,
1159 1165 1225 1203 ubi
1253 1168 1347 1213 satis

156 1235 324 1282 apparet
350 1229 443 1265 olim
467 1227 500 1272 ἐς
518 1226 734 1284 Βραγχίδας
753 1229 944 1279 scriptum
967 1229 1094 1267 fuisse.
1130 1221 1341 1269 Coniectu-

153 1310 239 1334 ram
264 1294 538 1346 Aristophanis
570 1295 611 1332 in
640 1294 753 1332 Iliad.
787 1295 842 1333 Ψ.
877 1296 952 1333 127
985 1298 1131 1346 optime
1163 1298 1344 1336 refutavit

155 1360 420 1405 Aristarchus,
446 1359 683 1397 Philemonis
706 1359 746 1396 in
770 1359 885 1396 Iliad.
912 1359 962 1398 O.
986 1358 1069 1397 680
1090 1361 1341 1412 Porphyrius.
1364 1358 1367 1359 ⁷

155 1428 341 1467 Omnium
373 1428 558 1466 facillime
587 1428 679 1465 olim
711 1427 751 1465 in
780 1427 1003 1465 nominibus
1035 1428 1205 1479 propriis
1239 1440 1346 1465 erra-

155 1493 287 1531 batur.
333 1492 382 1530 In
408 1491 681 1542 Aristophanis
710 1490 945 1541 Thesmoph.
982 1489 1050 1527 161
1080 1504 1139 1541 sq.

348 1556 494 1609 Ἴβυκος
523 1556 648 1602 ἐκεῖνος
675 1557 878 1611 κάνακρέων
905 1556 923 1595 ὁ
950 1557 1056 1602 Τήῖος

346 1624 518 1667 κάλκαῖος
528 1656 545 1674 ,
573 1629 669 1678 οἵπερ
698 1624 867 1678 ἁρμονίαν
894 1622 1092 1675 ἐχύμισαν,

349 1688 592 1747 ἐμιτροφόρουν
621 1704 658 1730 τε
687 1689 746 1729 καὶ
774 1689 955 1730 διεκλῶντ’
984 1689 1161 1734 Ἰωνικῶς.

160 1755 360 1792 ferebatur
402 1759 443 1793 in
484 1759 760 1806 antiquissimis
805 1757 1011 1794 codicibus
1050 1757 1185 1793 vitiosa
1230 1756 1350 1792 lectio

159 1818 339 1870 κάχαιός,
377 1832 499 1870 quam
527 1820 808 1871 Aristophanes
844 1821 1085 1866 emendavit,
1125 1827 1168 1859 ut
1197 1827 1349 1860 constat

162 1896 208 1921 ex
240 1896 360 1921 aureo
388 1884 559 1922 scholio:
596 1886 788 1930 κάλκαῖοςε
831 1885 867 1925 ἐν
898 1887 994 1931 ἐνίοις
1029 1886 1218 1937 Ἀχαιός
1254 1891 1351 1940 γροὶ-,

164 1963 265 2004 φεται
293 1947 354 1987 καὶ
387 1950 434 1988 τὰ
467 1949 687 2005 παλαιότερα
716 1952 925 2008 α’ντίγραφα
957 1954 1063 1997 οὕτως
1099 1953 1205 2005 εἶχεν.
1246 1952 1346 2008 Ἀρι-

165 2018 322 2071 ςοφάνης
360 2014 397 2055 δ’
433 2014 507 2060 ἐςίν
545 2017 563 2055 o‘
602 2020 839 2075 μεταγράψας
886 2019 1116 2063 Ἀλκαῖος.
1157 2015 1236 2074 περὶ
1274 2022 1350 2075 γὰρ

167 2082 331 2121 παλαιῶν
361 2080 437 2126 ἐςὶν
468 2082 486 2119 ὁ
518 2080 619 2134 λόγος
653 2083 671 2121 ὁ
703 2082 738 2122 δ’
772 2083 919 2137 Ἀχαιὸς
954 2085 1130 2138 νεώτερος.
1176 2084 1346 2135 Optime.

166 2146 351 2187 Similiter
374 2149 412 2186 in
431 2148 591 2187 Pindari
611 2149 768 2202 Olymp.
793 2151 863 2189 XI.
876 2152 928 2188 55
949 2157 1136 2202 corrupte
1157 2152 1348 2202 scriptum

168 2221 251 2252 erat
291 2215 405 2252 olim:
450 2214 555 2268 περὶ
598 2215 649 2255 δὲ
690 2216 868 2264 πάξαις
910 2218 1040 2257 Ἀλιν
1080 2216 1159 2269 μὲν
1198 2217 1258 2270 ὅγ’
1305 2216 1351 2256 ἐν

166 2282 368 2336 καθαρῷ
400 2279 624 2336 διέκρινε.
656 2296 787 2324 veram
810 2285 1020 2325 lectionem
1042 2284 1169 2325 Ἀλτιν
1187 2284 1354 2324 feliciter
