<?xml version="1.0" encoding="UTF-8"?>
<!DOCTYPE html PUBLIC "-//W3C//DTD XHTML 1.0 Transitional//EN"
    "http://www.w3.org/TR/xhtml1/DTD/xhtml1-transitional.dtd">
<html xmlns="http://www.w3.org/1999/xhtml" xml:lang="en" lang="en">
 <head>
  <title>
</title>
<meta http-equiv="Content-Type" content="text/html;charset=utf-8" />
  <meta name='ocr-system' content='tesseract 3.04.00' />
  <meta name='ocr-capabilities' content='ocr_page ocr_carea ocr_par ocr_line ocrx_word'/>
</head>
<body>
  <div class='ocr_page' id='page_1' title='image "4738083_0040.png"; bbox 0 0 1572 2801; ppageno 0'>
   <div class='ocr_carea' id='block_1_1' title="bbox 775 180 835 223">
    <p class='ocr_par' dir='ltr' id='par_1_1' title="bbox 775 180 835 223">
     <span class='ocr_line' id='line_1_1' title="bbox 775 180 835 223; baseline 0 0"><span class='ocrx_word' id='word_1_1' title='bbox 775 180 835 223; x_wconf 76' lang='lat'><strong>26</strong></span> 
     </span>
    </p>
   </div>
   <div class='ocr_carea' id='block_1_2' title="bbox 219 314 1399 2335">
    <p class='ocr_par' dir='ltr' id='par_1_2' title="bbox 219 314 1399 2335">
     <span class='ocr_line' id='line_1_2' title="bbox 219 314 1383 373; baseline -0.001 -11"><span class='ocrx_word' id='word_1_2' title='bbox 219 323 330 362; x_wconf 83' lang='lat' dir='ltr'><strong>tatus</strong></span> <span class='ocrx_word' id='word_1_3' title='bbox 350 321 432 370; x_wconf 87' lang='lat' dir='ltr'><strong>est,</strong></span> <span class='ocrx_word' id='word_1_4' title='bbox 455 317 498 359; x_wconf 89' lang='lat' dir='ltr'><strong>in</strong></span> <span class='ocrx_word' id='word_1_5' title='bbox 523 314 678 373; x_wconf 87' lang='lat' dir='ltr'><strong>quibus</strong></span> <span class='ocrx_word' id='word_1_6' title='bbox 698 315 818 358; x_wconf 87' lang='lat' dir='ltr'><strong>nimis</strong></span> <span class='ocrx_word' id='word_1_7' title='bbox 840 315 997 358; x_wconf 88' lang='lat' dir='ltr'><strong>multos</strong></span> <span class='ocrx_word' id='word_1_8' title='bbox 1010 314 1136 360; x_wconf 88' lang='lat' dir='ltr'><strong>fuisse</strong></span> <span class='ocrx_word' id='word_1_9' title='bbox 1155 316 1383 362; x_wconf 88' lang='lat' dir='ltr'><strong>dolendum</strong></span> 
     </span>
     <span class='ocr_line' id='line_1_3' title="bbox 221 381 1383 447; baseline -0.001 -12"><span class='ocrx_word' id='word_1_10' title='bbox 221 398 299 444; x_wconf 85' lang='lat' dir='ltr'><strong>est,</strong></span> <span class='ocrx_word' id='word_1_11' title='bbox 332 391 404 447; x_wconf 92' lang='lat' dir='ltr'><strong>qui</strong></span> <span class='ocrx_word' id='word_1_12' title='bbox 428 390 527 431; x_wconf 87' lang='lat' dir='ltr'><strong>huic</strong></span> <span class='ocrx_word' id='word_1_13' title='bbox 558 381 693 430; x_wconf 86' lang='lat' dir='ltr'><strong>officio</strong></span> <span class='ocrx_word' id='word_1_14' title='bbox 717 389 892 445; x_wconf 89' lang='lat' dir='ltr'><strong>impares</strong></span> <span class='ocrx_word' id='word_1_15' title='bbox 921 393 994 430; x_wconf 89' lang='lat' dir='ltr'><strong>aut</strong></span> <span class='ocrx_word' id='word_1_16' title='bbox 1018 404 1105 431; x_wconf 87' lang='lat' dir='ltr'><strong>rem</strong></span> <span class='ocrx_word' id='word_1_17' title='bbox 1130 391 1383 447; x_wconf 87' lang='lat' dir='ltr'><strong>praeclaram</strong></span> 
     </span>
     <span class='ocr_line' id='line_1_4' title="bbox 219 459 1383 508; baseline -0.001 0"><span class='ocrx_word' id='word_1_18' title='bbox 219 465 271 508; x_wconf 91' lang='lat' dir='ltr'><strong>ad</strong></span> <span class='ocrx_word' id='word_1_19' title='bbox 301 478 417 506; x_wconf 89' lang='lat' dir='ltr'><strong>suam</strong></span> <span class='ocrx_word' id='word_1_20' title='bbox 444 461 685 504; x_wconf 80' lang='lat' dir='ltr'><strong>tenuitatem</strong></span> <span class='ocrx_word' id='word_1_21' title='bbox 712 459 1001 502; x_wconf 84' lang='lat' dir='ltr'><strong>contraherent</strong></span> <span class='ocrx_word' id='word_1_22' title='bbox 1026 467 1099 502; x_wconf 90' lang='lat' dir='ltr'><strong>aut</strong></span> <span class='ocrx_word' id='word_1_23' title='bbox 1125 462 1290 506; x_wconf 89' lang='lat' dir='ltr'><strong>mobilis</strong></span> <span class='ocrx_word' id='word_1_24' title='bbox 1319 466 1383 507; x_wconf 91' lang='lat' dir='ltr'><strong>in-</strong></span> 
     </span>
     <span class='ocr_line' id='line_1_5' title="bbox 219 533 1385 595; baseline 0.001 -15"><span class='ocrx_word' id='word_1_25' title='bbox 219 539 324 595; x_wconf 87' lang='lat' dir='ltr'><strong>genii</strong></span> <span class='ocrx_word' id='word_1_26' title='bbox 362 536 617 578; x_wconf 90' lang='lat' dir='ltr'><strong>velocitatem</strong></span> <span class='ocrx_word' id='word_1_27' title='bbox 649 534 768 574; x_wconf 89' lang='lat' dir='ltr'><strong>nullo</strong></span> <span class='ocrx_word' id='word_1_28' title='bbox 801 535 967 574; x_wconf 88' lang='lat' dir='ltr'><strong>rationis</strong></span> <span class='ocrx_word' id='word_1_29' title='bbox 1003 533 1118 575; x_wconf 86' lang='lat' dir='ltr'><strong>freno</strong></span> <span class='ocrx_word' id='word_1_30' title='bbox 1149 544 1385 581; x_wconf 80' lang='lat' dir='ltr'><strong>coercentes</strong></span> 
     </span>
     <span class='ocr_line' id='line_1_6' title="bbox 220 606 1384 667; baseline -0.002 -11"><span class='ocrx_word' id='word_1_31' title='bbox 220 614 305 656; x_wconf 89' lang='lat' dir='ltr'><strong>sine</strong></span> <span class='ocrx_word' id='word_1_32' title='bbox 332 611 420 654; x_wconf 89' lang='lat' dir='ltr'><strong>ullo</strong></span> <span class='ocrx_word' id='word_1_33' title='bbox 452 609 591 651; x_wconf 87' lang='lat' dir='ltr'><strong>fructu</strong></span> <span class='ocrx_word' id='word_1_34' title='bbox 627 608 763 650; x_wconf 89' lang='lat' dir='ltr'><strong>omnia</strong></span> <span class='ocrx_word' id='word_1_35' title='bbox 790 608 976 651; x_wconf 84' lang='lat' dir='ltr'><strong>tumultu</strong></span> <span class='ocrx_word' id='word_1_36' title='bbox 1008 613 1050 652; x_wconf 90' lang='lat' dir='ltr'><strong>et</strong></span> <span class='ocrx_word' id='word_1_37' title='bbox 1075 606 1213 651; x_wconf 62' lang='lat' dir='ltr'><strong>&gt;turbis</strong></span> <span class='ocrx_word' id='word_1_38' title='bbox 1240 610 1384 667; x_wconf 88' lang='lat' dir='ltr'><strong>imple·</strong></span> 
     </span>
     <span class='ocr_line' id='line_1_7' title="bbox 222 683 1386 728; baseline -0.002 0"><span class='ocrx_word' id='word_1_39' title='bbox 222 691 327 728; x_wconf 87' lang='lat' dir='ltr'><strong>rent.</strong></span> <span class='ocrx_word' id='word_1_40' title='bbox 388 684 452 726; x_wconf 92' lang='lat' dir='ltr'><strong>Illi</strong></span> <span class='ocrx_word' id='word_1_41' title='bbox 485 683 544 724; x_wconf 89' lang='lat' dir='ltr'><strong>nil</strong></span> <span class='ocrx_word' id='word_1_42' title='bbox 582 683 658 724; x_wconf 88' lang='lat' dir='ltr'><strong>nisi</strong></span> <span class='ocrx_word' id='word_1_43' title='bbox 696 684 940 725; x_wconf 80' lang='lat' dir='ltr'><strong>variantium</strong></span> <span class='ocrx_word' id='word_1_44' title='bbox 972 683 1386 727; x_wconf 79' lang='lat' dir='ltr'><strong>lectionum‘acervos</strong></span> 
     </span>
     <span class='ocr_line' id='line_1_8' title="bbox 221 757 1388 817; baseline -0.003 -13"><span class='ocrx_word' id='word_1_45' title='bbox 221 760 404 817; x_wconf 89' lang='lat' dir='ltr'><strong>undique</strong></span> <span class='ocrx_word' id='word_1_46' title='bbox 446 757 590 800; x_wconf 91' lang='lat' dir='ltr'><strong>sedulo</strong></span> <span class='ocrx_word' id='word_1_47' title='bbox 631 757 879 812; x_wconf 81' lang='lat' dir='ltr'><strong>corradunt,</strong></span> <span class='ocrx_word' id='word_1_48' title='bbox 931 762 1145 800; x_wconf 88' lang='lat' dir='ltr'><strong>onerantes</strong></span> <span class='ocrx_word' id='word_1_49' title='bbox 1187 757 1388 815; x_wconf 89' lang='lat' dir='ltr'><strong>cuiusque</strong></span> 
     </span>
     <span class='ocr_line' id='line_1_9' title="bbox 221 832 1384 890; baseline -0.002 -15"><span class='ocrx_word' id='word_1_50' title='bbox 221 833 380 890; x_wconf 89' lang='lat' dir='ltr'><strong>generis</strong></span> <span class='ocrx_word' id='word_1_51' title='bbox 424 832 644 888; x_wconf 81' lang='lat' dir='ltr'><strong>scriptores</strong></span> <span class='ocrx_word' id='word_1_52' title='bbox 681 832 853 874; x_wconf 89' lang='lat' dir='ltr'><strong>molesto</strong></span> <span class='ocrx_word' id='word_1_53' title='bbox 897 832 1117 888; x_wconf 91' lang='lat' dir='ltr'><strong>inutilique</strong></span> <span class='ocrx_word' id='word_1_54' title='bbox 1160 838 1384 889; x_wconf 89' lang='lat' dir='ltr'><strong>apparatu,</strong></span> 
     </span>
     <span class='ocr_line' id='line_1_10' title="bbox 222 903 1388 962; baseline -0.001 -14"><span class='ocrx_word' id='word_1_55' title='bbox 222 921 308 962; x_wconf 91' lang='lat' dir='ltr'><strong>quo</strong></span> <span class='ocrx_word' id='word_1_56' title='bbox 348 919 468 961; x_wconf 82' lang='lat' dir='ltr'><strong>saepe</strong></span> <span class='ocrx_word' id='word_1_57' title='bbox 497 903 598 945; x_wconf 80' lang='lat' dir='ltr'><strong>nihil</strong></span> <span class='ocrx_word' id='word_1_58' title='bbox 631 909 692 945; x_wconf 92' lang='lat' dir='ltr'><strong>est</strong></span> <span class='ocrx_word' id='word_1_59' title='bbox 721 903 773 945; x_wconf 94' lang='lat' dir='ltr'><strong>ad</strong></span> <span class='ocrx_word' id='word_1_60' title='bbox 804 903 1147 959; x_wconf 87' lang='lat' dir='ltr'><strong>exstinguendum</strong></span> <span class='ocrx_word' id='word_1_61' title='bbox 1178 905 1388 960; x_wconf 83' lang='lat' dir='ltr'><strong>ingenium</strong></span> 
     </span>
     <span class='ocr_line' id='line_1_11' title="bbox 224 976 1391 1034; baseline 0 -15"><span class='ocrx_word' id='word_1_62' title='bbox 224 979 353 1034; x_wconf 86' lang='lat' dir='ltr'><strong>magis</strong></span> <span class='ocrx_word' id='word_1_63' title='bbox 368 977 576 1028; x_wconf 87' lang='lat' dir='ltr'><strong>idoneum,</strong></span> <span class='ocrx_word' id='word_1_64' title='bbox 590 976 630 1016; x_wconf 92' lang='lat' dir='ltr'><strong>in</strong></span> <span class='ocrx_word' id='word_1_65' title='bbox 647 976 929 1017; x_wconf 84' lang='lat' dir='ltr'><strong>minutissimis</strong></span> <span class='ocrx_word' id='word_1_66' title='bbox 945 976 1180 1032; x_wconf 83' lang='lat' dir='ltr'><strong>quibusque</strong></span> <span class='ocrx_word' id='word_1_67' title='bbox 1196 977 1391 1032; x_wconf 84' lang='lat' dir='ltr'><strong>loquaces</strong></span> 
     </span>
     <span class='ocr_line' id='line_1_12' title="bbox 223 1048 1390 1107; baseline 0 -15"><span class='ocrx_word' id='word_1_68' title='bbox 223 1050 451 1107; x_wconf 91' lang='lat' dir='ltr'><strong>putidaque</strong></span> <span class='ocrx_word' id='word_1_69' title='bbox 496 1048 705 1104; x_wconf 84' lang='lat' dir='ltr'><strong>diligentia</strong></span> <span class='ocrx_word' id='word_1_70' title='bbox 749 1048 943 1091; x_wconf 87' lang='lat' dir='ltr'><strong>verbosos</strong></span> <span class='ocrx_word' id='word_1_71' title='bbox 995 1050 1308 1092; x_wconf 81' lang='lat' dir='ltr'><strong>commentarios</strong></span> <span class='ocrx_word' id='word_1_72' title='bbox 1348 1055 1390 1092; x_wconf 88' lang='lat' dir='ltr'><strong>et</strong></span> 
     </span>
     <span class='ocr_line' id='line_1_13' title="bbox 225 1112 1391 1177; baseline -0.003 -11"><span class='ocrx_word' id='word_1_73' title='bbox 225 1123 379 1166; x_wconf 86' lang='lat' dir='ltr'><strong>nubem</strong></span> <span class='ocrx_word' id='word_1_74' title='bbox 400 1120 706 1177; x_wconf 86' lang='lat' dir='ltr'><strong>exemplorum,</strong></span> <span class='ocrx_word' id='word_1_75' title='bbox 726 1135 833 1176; x_wconf 89' lang='lat' dir='ltr'><strong>quae</strong></span> <span class='ocrx_word' id='word_1_76' title='bbox 849 1136 969 1164; x_wconf 89' lang='lat' dir='ltr'><strong>nemo</strong></span> <span class='ocrx_word' id='word_1_77' title='bbox 982 1121 1201 1176; x_wconf 83' lang='lat' dir='ltr'><strong>desideret,</strong></span> <span class='ocrx_word' id='word_1_78' title='bbox 1224 1112 1391 1165; x_wconf 85' lang='lat' dir='ltr'><strong>consar-</strong></span> 
     </span>
     <span class='ocr_line' id='line_1_14' title="bbox 226 1194 1389 1240; baseline -0.002 -1"><span class='ocrx_word' id='word_1_79' title='bbox 226 1198 420 1240; x_wconf 86' lang='lat' dir='ltr'><strong>cinantes.</strong></span> <span class='ocrx_word' id='word_1_80' title='bbox 473 1196 579 1237; x_wconf 92' lang='lat' dir='ltr'><strong>Hinc</strong></span> <span class='ocrx_word' id='word_1_81' title='bbox 608 1194 656 1236; x_wconf 87' lang='lat' dir='ltr'><strong>fit</strong></span> <span class='ocrx_word' id='word_1_82' title='bbox 681 1200 728 1235; x_wconf 89' lang='lat' dir='ltr'><strong>ut</strong></span> <span class='ocrx_word' id='word_1_83' title='bbox 757 1195 878 1235; x_wconf 85' lang='lat' dir='ltr'><strong>nimis</strong></span> <span class='ocrx_word' id='word_1_84' title='bbox 913 1195 1034 1237; x_wconf 90' lang='lat' dir='ltr'><strong>multi</strong></span> <span class='ocrx_word' id='word_1_85' title='bbox 1061 1195 1114 1237; x_wconf 88' lang='lat' dir='ltr'><strong>ab</strong></span> <span class='ocrx_word' id='word_1_86' title='bbox 1137 1201 1224 1237; x_wconf 88' lang='lat' dir='ltr'><strong>arte</strong></span> <span class='ocrx_word' id='word_1_87' title='bbox 1249 1196 1389 1238; x_wconf 88' lang='lat' dir='ltr'><strong>critica</strong></span> 
     </span>
     <span class='ocr_line' id='line_1_15' title="bbox 226 1267 1390 1323; baseline -0.001 -14"><span class='ocrx_word' id='word_1_88' title='bbox 226 1267 497 1321; x_wconf 80' lang='lat' dir='ltr'><strong>abhorreant,</strong></span> <span class='ocrx_word' id='word_1_89' title='bbox 544 1282 668 1323; x_wconf 92' lang='lat' dir='ltr'><strong>quam</strong></span> <span class='ocrx_word' id='word_1_90' title='bbox 710 1268 765 1308; x_wconf 90' lang='lat' dir='ltr'><strong>ita</strong></span> <span class='ocrx_word' id='word_1_91' title='bbox 797 1273 1073 1323; x_wconf 89' lang='lat' dir='ltr'><strong>comparatam</strong></span> <span class='ocrx_word' id='word_1_92' title='bbox 1105 1281 1191 1309; x_wconf 87' lang='lat' dir='ltr'><strong>esse</strong></span> <span class='ocrx_word' id='word_1_93' title='bbox 1222 1272 1390 1323; x_wconf 89' lang='lat' dir='ltr'><strong>putant,</strong></span> 
     </span>
     <span class='ocr_line' id='line_1_16' title="bbox 229 1340 1393 1397; baseline 0 -14"><span class='ocrx_word' id='word_1_94' title='bbox 229 1347 274 1383; x_wconf 90' lang='lat' dir='ltr'><strong>ut</strong></span> <span class='ocrx_word' id='word_1_95' title='bbox 312 1356 542 1396; x_wconf 90' lang='lat' dir='ltr'><strong>numquam</strong></span> <span class='ocrx_word' id='word_1_96' title='bbox 584 1356 632 1382; x_wconf 88' lang='lat' dir='ltr'><strong>ex</strong></span> <span class='ocrx_word' id='word_1_97' title='bbox 678 1340 756 1382; x_wconf 87' lang='lat' dir='ltr'><strong>hac</strong></span> <span class='ocrx_word' id='word_1_98' title='bbox 781 1340 1099 1396; x_wconf 85' lang='lat' dir='ltr'><strong>quisquiliarum</strong></span> <span class='ocrx_word' id='word_1_99' title='bbox 1136 1341 1393 1397; x_wconf 87' lang='lat' dir='ltr'><strong>supellectile</strong></span> 
     </span>
     <span class='ocr_line' id='line_1_17' title="bbox 227 1412 1395 1471; baseline -0.001 -14"><span class='ocrx_word' id='word_1_100' title='bbox 227 1428 435 1470; x_wconf 83' lang='lat' dir='ltr'><strong>emergere</strong></span> <span class='ocrx_word' id='word_1_101' title='bbox 475 1414 618 1471; x_wconf 88' lang='lat' dir='ltr'><strong>possit.</strong></span> <span class='ocrx_word' id='word_1_102' title='bbox 679 1412 734 1454; x_wconf 91' lang='lat' dir='ltr'><strong>At</strong></span> <span class='ocrx_word' id='word_1_103' title='bbox 773 1413 893 1469; x_wconf 87' lang='lat' dir='ltr'><strong>longe</strong></span> <span class='ocrx_word' id='word_1_104' title='bbox 932 1426 1049 1454; x_wconf 89' lang='lat' dir='ltr'><strong>secus</strong></span> <span class='ocrx_word' id='word_1_105' title='bbox 1079 1417 1152 1454; x_wconf 89' lang='lat' dir='ltr'><strong>est.</strong></span> <span class='ocrx_word' id='word_1_106' title='bbox 1198 1412 1395 1457; x_wconf 89' lang='lat' dir='ltr'><strong>Constare</strong></span> 
     </span>
     <span class='ocr_line' id='line_1_18' title="bbox 228 1486 1394 1543; baseline -0.002 -14"><span class='ocrx_word' id='word_1_107' title='bbox 228 1489 363 1543; x_wconf 89' lang='lat' dir='ltr'><strong>coepit</strong></span> <span class='ocrx_word' id='word_1_108' title='bbox 401 1488 506 1528; x_wconf 90' lang='lat' dir='ltr'><strong>inter</strong></span> <span class='ocrx_word' id='word_1_109' title='bbox 541 1487 696 1527; x_wconf 88' lang='lat' dir='ltr'><strong>multos</strong></span> <span class='ocrx_word' id='word_1_110' title='bbox 736 1487 930 1526; x_wconf 89' lang='lat' dir='ltr'><strong>maiorem</strong></span> <span class='ocrx_word' id='word_1_111' title='bbox 966 1491 1123 1541; x_wconf 87' lang='lat' dir='ltr'><strong>partem</strong></span> <span class='ocrx_word' id='word_1_112' title='bbox 1163 1486 1280 1526; x_wconf 89' lang='lat' dir='ltr'><strong>istius</strong></span> <span class='ocrx_word' id='word_1_113' title='bbox 1310 1486 1394 1527; x_wconf 87' lang='lat' dir='ltr'><strong>far-</strong></span> 
     </span>
     <span class='ocr_line' id='line_1_19' title="bbox 229 1547 1395 1617; baseline -0.002 -14"><span class='ocrx_word' id='word_1_114' title='bbox 229 1559 381 1617; x_wconf 84' lang='lat' dir='ltr'><strong>ragi&#39;nis</strong></span> <span class='ocrx_word' id='word_1_115' title='bbox 404 1558 725 1615; x_wconf 89' lang='lat' dir='ltr'><strong>discrepantium</strong></span> <span class='ocrx_word' id='word_1_116' title='bbox 766 1556 989 1598; x_wconf 87' lang='lat' dir='ltr'><strong>lectionum</strong></span> <span class='ocrx_word' id='word_1_117' title='bbox 1014 1547 1281 1607; x_wconf 83' lang='lat' dir='ltr'><strong>abiiciendam</strong></span> <span class='ocrx_word' id='word_1_118' title='bbox 1308 1572 1395 1601; x_wconf 84' lang='lat' dir='ltr'><strong>esse</strong></span> 
     </span>
     <span class='ocr_line' id='line_1_20' title="bbox 228 1630 1393 1687; baseline -0.003 -11"><span class='ocrx_word' id='word_1_119' title='bbox 228 1640 270 1677; x_wconf 90' lang='lat' dir='ltr'><strong>et</strong></span> <span class='ocrx_word' id='word_1_120' title='bbox 296 1633 489 1675; x_wconf 87' lang='lat' dir='ltr'><strong>standum</strong></span> <span class='ocrx_word' id='word_1_121' title='bbox 523 1633 767 1673; x_wconf 88' lang='lat' dir='ltr'><strong>auctoritate</strong></span> <span class='ocrx_word' id='word_1_122' title='bbox 797 1645 1027 1687; x_wconf 89' lang='lat' dir='ltr'><strong>paucorum</strong></span> <span class='ocrx_word' id='word_1_123' title='bbox 1063 1630 1288 1685; x_wconf 89' lang='lat' dir='ltr'><strong>librorum,</strong></span> <span class='ocrx_word' id='word_1_124' title='bbox 1330 1633 1393 1673; x_wconf 92' lang='lat' dir='ltr'><strong>in-</strong></span> 
     </span>
     <span class='ocr_line' id='line_1_21' title="bbox 227 1703 1397 1763; baseline -0.003 -12"><span class='ocrx_word' id='word_1_125' title='bbox 227 1707 391 1751; x_wconf 88' lang='lat' dir='ltr'><strong>terdum</strong></span> <span class='ocrx_word' id='word_1_126' title='bbox 435 1706 581 1760; x_wconf 90' lang='lat' dir='ltr'><strong>unius,</strong></span> <span class='ocrx_word' id='word_1_127' title='bbox 630 1703 739 1747; x_wconf 89' lang='lat' dir='ltr'><strong>unde</strong></span> <span class='ocrx_word' id='word_1_128' title='bbox 768 1704 951 1762; x_wconf 89' lang='lat' dir='ltr'><strong>reliquos</strong></span> <span class='ocrx_word' id='word_1_129' title='bbox 982 1703 1149 1748; x_wconf 88' lang='lat' dir='ltr'><strong>fluxisse</strong></span> <span class='ocrx_word' id='word_1_130' title='bbox 1175 1705 1397 1763; x_wconf 87' lang='lat' dir='ltr'><strong>exploratis</strong></span> 
     </span>
     <span class='ocr_line' id='line_1_22' title="bbox 230 1780 1395 1835; baseline -0.002 -12"><span class='ocrx_word' id='word_1_131' title='bbox 230 1781 423 1823; x_wconf 89' lang='lat' dir='ltr'><strong>omnibus</strong></span> <span class='ocrx_word' id='word_1_132' title='bbox 463 1784 504 1820; x_wconf 87' lang='lat' dir='ltr'><strong>et</strong></span> <span class='ocrx_word' id='word_1_133' title='bbox 542 1780 647 1820; x_wconf 86' lang='lat' dir='ltr'><strong>inter</strong></span> <span class='ocrx_word' id='word_1_134' title='bbox 683 1793 726 1820; x_wconf 87' lang='lat' dir='ltr'><strong>se</strong></span> <span class='ocrx_word' id='word_1_135' title='bbox 764 1780 1009 1835; x_wconf 89' lang='lat' dir='ltr'><strong>comparatis</strong></span> <span class='ocrx_word' id='word_1_136' title='bbox 1042 1785 1302 1835; x_wconf 90' lang='lat' dir='ltr'><strong>compertum</strong></span> <span class='ocrx_word' id='word_1_137' title='bbox 1329 1781 1395 1822; x_wconf 88' lang='lat' dir='ltr'><strong>sit.</strong></span> 
     </span>
     <span class='ocr_line' id='line_1_23' title="bbox 232 1850 1396 1907; baseline -0.002 -12"><span class='ocrx_word' id='word_1_138' title='bbox 232 1852 355 1896; x_wconf 90' lang='lat' dir='ltr'><strong>Haud</strong></span> <span class='ocrx_word' id='word_1_139' title='bbox 382 1853 437 1893; x_wconf 88' lang='lat' dir='ltr'><strong>ita</strong></span> <span class='ocrx_word' id='word_1_140' title='bbox 466 1865 612 1907; x_wconf 90' lang='lat' dir='ltr'><strong>magna</strong></span> <span class='ocrx_word' id='word_1_141' title='bbox 644 1850 760 1907; x_wconf 90' lang='lat' dir='ltr'><strong>copia</strong></span> <span class='ocrx_word' id='word_1_142' title='bbox 798 1855 861 1892; x_wconf 84' lang='lat' dir='ltr'><strong>est</strong></span> <span class='ocrx_word' id='word_1_143' title='bbox 889 1851 1151 1907; x_wconf 90' lang='lat' dir='ltr'><strong>antiquarum</strong></span> <span class='ocrx_word' id='word_1_144' title='bbox 1184 1850 1396 1893; x_wconf 90' lang='lat' dir='ltr'><strong>membra-</strong></span> 
     </span>
     <span class='ocr_line' id='line_1_24' title="bbox 232 1924 1397 1980; baseline -0.002 -12"><span class='ocrx_word' id='word_1_145' title='bbox 232 1940 399 1977; x_wconf 88' lang='lat' dir='ltr'><strong>narum,</strong></span> <span class='ocrx_word' id='word_1_146' title='bbox 442 1939 549 1980; x_wconf 88' lang='lat' dir='ltr'><strong>quae</strong></span> <span class='ocrx_word' id='word_1_147' title='bbox 578 1924 720 1980; x_wconf 89' lang='lat' dir='ltr'><strong>paucis</strong></span> <span class='ocrx_word' id='word_1_148' title='bbox 751 1928 846 1965; x_wconf 89' lang='lat' dir='ltr'><strong>ante</strong></span> <span class='ocrx_word' id='word_1_149' title='bbox 874 1929 1034 1965; x_wconf 88' lang='lat' dir='ltr'><strong>renatas</strong></span> <span class='ocrx_word' id='word_1_150' title='bbox 1061 1924 1197 1965; x_wconf 83' lang='lat' dir='ltr'><strong>literas</strong></span> <span class='ocrx_word' id='word_1_151' title='bbox 1223 1924 1397 1966; x_wconf 87' lang='lat' dir='ltr'><strong>saeculis</strong></span> 
     </span>
     <span class='ocr_line' id='line_1_25' title="bbox 234 1995 1397 2052; baseline -0.003 -10"><span class='ocrx_word' id='word_1_152' title='bbox 234 1999 345 2043; x_wconf 91' lang='lat' dir='ltr'><strong>solae</strong></span> <span class='ocrx_word' id='word_1_153' title='bbox 375 1995 591 2039; x_wconf 89' lang='lat' dir='ltr'><strong>servabant</strong></span> <span class='ocrx_word' id='word_1_154' title='bbox 619 2009 688 2038; x_wconf 91' lang='lat' dir='ltr'><strong>eos</strong></span> <span class='ocrx_word' id='word_1_155' title='bbox 711 1996 956 2051; x_wconf 83' lang='lat' dir='ltr'><strong>scriptores,</strong></span> <span class='ocrx_word' id='word_1_156' title='bbox 988 2010 1093 2052; x_wconf 91' lang='lat' dir='ltr'><strong>quos</strong></span> <span class='ocrx_word' id='word_1_157' title='bbox 1122 2010 1235 2039; x_wconf 88' lang='lat' dir='ltr'><strong>nunc</strong></span> <span class='ocrx_word' id='word_1_158' title='bbox 1268 1996 1397 2049; x_wconf 86' lang='lat' dir='ltr'><strong>habe-</strong></span> 
     </span>
     <span class='ocr_line' id='line_1_26' title="bbox 230 2063 1397 2128; baseline -0.002 -14"><span class='ocrx_word' id='word_1_159' title='bbox 230 2087 326 2114; x_wconf 90' lang='lat' dir='ltr'><strong>mus</strong></span> <span class='ocrx_word' id='word_1_160' title='bbox 355 2070 607 2128; x_wconf 87' lang='lat' dir='ltr'><strong>superstites.</strong></span> <span class='ocrx_word' id='word_1_161' title='bbox 667 2069 857 2110; x_wconf 84' lang='lat' dir='ltr'><strong>Excitatis</strong></span> <span class='ocrx_word' id='word_1_162' title='bbox 888 2063 1035 2111; x_wconf 90' lang='lat' dir='ltr'><strong>denuo</strong></span> <span class='ocrx_word' id='word_1_163' title='bbox 1055 2070 1270 2112; x_wconf 90' lang='lat' dir='ltr'><strong>hominum</strong></span> <span class='ocrx_word' id='word_1_164' title='bbox 1308 2076 1397 2112; x_wconf 87' lang='lat' dir='ltr'><strong>stu-</strong></span> 
     </span>
     <span class='ocr_line' id='line_1_27' title="bbox 234 2143 1393 2202; baseline 0.001 -15"><span class='ocrx_word' id='word_1_165' title='bbox 234 2144 312 2187; x_wconf 91' lang='lat' dir='ltr'><strong>diis</strong></span> <span class='ocrx_word' id='word_1_166' title='bbox 342 2158 490 2200; x_wconf 88' lang='lat' dir='ltr'><strong>magna</strong></span> <span class='ocrx_word' id='word_1_167' title='bbox 520 2158 568 2186; x_wconf 87' lang='lat' dir='ltr'><strong>ex</strong></span> <span class='ocrx_word' id='word_1_168' title='bbox 600 2144 648 2185; x_wconf 89' lang='lat' dir='ltr'><strong>iis</strong></span> <span class='ocrx_word' id='word_1_169' title='bbox 675 2143 1011 2201; x_wconf 84' lang='lat' dir='ltr'><strong>apographorum</strong></span> <span class='ocrx_word' id='word_1_170' title='bbox 1042 2143 1272 2201; x_wconf 85' lang='lat' dir='ltr'><strong>frequentia</strong></span> <span class='ocrx_word' id='word_1_171' title='bbox 1303 2159 1393 2202; x_wconf 87' lang='lat' dir='ltr'><strong>pas-</strong></span> 
     </span>
     <span class='ocr_line' id='line_1_28' title="bbox 234 2217 1399 2272; baseline 0.001 -11"><span class='ocrx_word' id='word_1_172' title='bbox 234 2220 310 2261; x_wconf 89' lang='lat' dir='ltr'><strong>sim</strong></span> <span class='ocrx_word' id='word_1_173' title='bbox 341 2217 449 2259; x_wconf 89' lang='lat' dir='ltr'><strong>facta</strong></span> <span class='ocrx_word' id='word_1_174' title='bbox 486 2222 564 2259; x_wconf 88' lang='lat' dir='ltr'><strong>est:</strong></span> <span class='ocrx_word' id='word_1_175' title='bbox 601 2218 655 2257; x_wconf 90' lang='lat' dir='ltr'><strong>ita</strong></span> <span class='ocrx_word' id='word_1_176' title='bbox 680 2218 808 2258; x_wconf 89' lang='lat' dir='ltr'><strong>crevit</strong></span> <span class='ocrx_word' id='word_1_177' title='bbox 837 2217 1004 2272; x_wconf 89' lang='lat' dir='ltr'><strong>quidem</strong></span> <span class='ocrx_word' id='word_1_178' title='bbox 1033 2218 1223 2260; x_wconf 88' lang='lat' dir='ltr'><strong>codicum</strong></span> <span class='ocrx_word' id='word_1_179' title='bbox 1253 2235 1399 2263; x_wconf 88' lang='lat' dir='ltr'><strong>nume-</strong></span> 
     </span>
     <span class='ocr_line' id='line_1_29' title="bbox 237 2287 1397 2335; baseline 0.002 -4"><span class='ocrx_word' id='word_1_180' title='bbox 237 2304 307 2333; x_wconf 88' lang='lat' dir='ltr'><strong>rus</strong></span> <span class='ocrx_word' id='word_1_181' title='bbox 348 2289 418 2334; x_wconf 83' lang='lat' dir='ltr'><strong>sed</strong></span> <span class='ocrx_word' id='word_1_182' title='bbox 445 2290 531 2332; x_wconf 90' lang='lat' dir='ltr'><strong>sine</strong></span> <span class='ocrx_word' id='word_1_183' title='bbox 561 2288 651 2332; x_wconf 92' lang='lat' dir='ltr'><strong>ullo</strong></span> <span class='ocrx_word' id='word_1_184' title='bbox 682 2287 959 2331; x_wconf 85' lang='lat' dir='ltr'><strong>emendandae</strong></span> <span class='ocrx_word' id='word_1_185' title='bbox 987 2288 1171 2333; x_wconf 88' lang='lat' dir='ltr'><strong>lectionis</strong></span> <span class='ocrx_word' id='word_1_186' title='bbox 1197 2290 1397 2335; x_wconf 88' lang='lat' dir='ltr'><strong>subsidio:</strong></span> 
     </span>
    </p>
   </div>
  </div>
 </body>
</html>
