1572 2801
787 167 846 211 40

206 306 342 359 logz'ae
365 303 556 355 formam
594 300 809 352 deficiente
832 301 1002 352 pulchri
1038 314 1163 340 sensu
1199 304 1398 355 eleganlb

211 384 339 423 aeque
381 375 531 407 temere
570 365 722 419 efficta)
773 366 879 404 Solet
928 374 1140 419 utrumque
1182 370 1316 407 vitium
1355 372 1397 408 in

211 438 363 475 Graeco
390 445 567 472 sermone
594 431 821 469 eorumdem
849 431 1060 484 hominum
1079 446 1158 471 esse
1186 441 1224 472 et
1257 448 1399 473 vocum

212 501 478 539 obsoletarum
506 498 723 550 aucupium
762 505 799 535 et
835 499 876 537 in
901 500 1011 537 novis
1036 500 1169 551 inepte
1206 500 1399 554 fingendis

212 573 281 604 aut
319 564 602 616 componendis
629 563 837 609 κακοζηλία.
884 563 1063 615 Apparet
1096 565 1136 601 in
1174 565 1400 616 Lexiphane

213 631 435 676 Lucianeo,
467 629 538 680 qui
553 629 667 665 simul
692 641 738 665 ex
762 629 1038 680 antiquissimis
1062 628 1284 668 Atticorum
1308 635 1399 684 poe-

213 702 261 739 tis
288 702 420 754 prisca
446 699 565 739 verba
592 705 630 737 et
663 699 878 737 locutiones
906 699 1165 750 excerpebat‚
1204 698 1315 734 simul
1351 698 1401 735 de

213 778 285 804 suo
310 767 425 803 stulte
449 764 568 813 verba
599 764 777 816 fingebat
806 770 874 801 aut
902 765 1050 801 usitatis
1082 776 1129 801 ac
1158 763 1256 800 tritis
1285 762 1401 800 inusi-

211 840 333 872 tatam
365 841 403 872 et
437 833 657 871 inauditam
692 833 941 884 significandi
981 838 1216 883 potestatem
1252 828 1399 866 tribue-

210 898 281 936 bat
309 904 417 935 tanta
445 897 679 942 stoliditate,
710 905 901 949 quantam
928 899 991 936 vix
1030 897 1166 935 credas
1197 896 1238 931 in
1273 894 1400 931 homi-

212 976 281 1003 nes
323 969 436 1002 natos
474 963 516 1001 in
549 963 677 1001 media
718 963 881 1002 Graecia
910 964 1053 1003 cadere
1097 961 1289 1014 potuisse,
1328 962 1400 998 nisi

210 1029 390 1079 plurimis
416 1029 596 1079 undique
629 1030 816 1080 exemplis
851 1029 942 1066 satis
980 1032 1190 1066 constaret.
1227 1026 1398 1063 Plurima

209 1094 269 1132 de.
299 1105 440 1146 genere
482 1093 560 1132 hoc
599 1094 717 1132 docte
759 1107 806 1132 ac
836 1093 1041 1146 diligenter
1082 1093 1240 1144 collegit
1277 1092 1399 1130 Athe-

209 1173 332 1198 naeus
359 1160 426 1196 lib.
455 1161 527 1197 ΙΙΙ.
555 1175 596 1211 p.
633 1160 686 1198 97
716 1174 805 1210 sqq.
841 1161 881 1197 in
908 1160 968 1196 his
995 1160 1111 1196 etiam
1145 1159 1399 1210 antiquorum

213 1226 306 1265 vitia
350 1225 555 1269 sermonis,
605 1225 707 1261 inter
746 1238 849 1275 quos
886 1231 923 1262 et
972 1224 1210 1275 Sophoclem
1252 1225 1400 1262 mireris

211 1303 314 1335 esse,
347 1289 412 1326 cui
441 1289 682 1340 imprudenti
711 1290 857 1327 excidit
892 1290 1002 1342 ἰσχὰς
1029 1291 1104 1333 νηός
1135 1302 1209 1341 pro
1240 1304 1398 1328 ancora

204 1357 246 1393 in
273 1355 351 1392 hoc
379 1354 552 1391 senario:

434 1421 580 1460 Ναῦται
606 1419 643 1459 δ’
672 1419 892 1475 ἐμηρύσαντο
920 1420 996 1466 νηὸς
1024 1420 1182 1473 ἰσχάδα.
1225 1474 1228 1477 Α

261 1484 524 1537 Componenti
564 1485 665 1522 inter
704 1498 743 1523 se
777 1492 991 1539 utrumque
1022 1487 1253 1538 scriptorem
1285 1486 1398 1523 facile

209 1551 419 1604 apparebit
459 1551 679 1596 lectitatum
708 1564 787 1589 esse
815 1553 992 1590 Luciano
1022 1553 1152 1589 locum
1180 1552 1394 1598 Athenaei,

210 1623 254 1655 ut
277 1619 346 1668 qui
377 1616 477 1654 bene
501 1615 623 1652 multa
653 1615 745 1652 inde
772 1616 812 1653 in
834 1628 914 1653 rem
938 1628 1048 1654 suam
1071 1617 1249 1660 verterit,
1279 1617 1396 1654 etiam

210 1682 475 1734 Sophocleam
502 1679 649 1732 ἰσχάδα
674 1679 774 1733 pag.
801 1681 877 1719 341
910 1686 1030 1737 ὥσπερ
1058 1683 1142 1727 ε”τις
1172 1703 1224 1710 --
1251 1684 1398 1738 ἕκτοράς

213 1762 309 1791 τινας
339 1748 561 1800 αμφιςόμονς
590 1745 650 1784 καὶ
679 1745 844 1798 ἰσχάδας
872 1747 1024 1803 σιδηρᾶς
1062 1746 1161 1803 ἀφεὶς
1191 1745 1249 1785 καὶ
1275 1761 1395 1786 ναυσι-

211 1810 326 1856 πέδας
362 1811 588 1863 ἀναχαιτίζοι
615 1814 676 1850 τοῦ
708 1809 842 1867 δρόμου
872 1812 911 1852 τὸ
940 1812 1063 1869 ῥόθιον.
1118 1804 1302 1864 Ineptum
1339 1815 1398 1852 ἕκ-

214 1891 319 1923 τορας
332 1877 466 1913 sumsit
490 1876 541 1913 ab
563 1875 846 1926 Lycophrone,
865 1890 984 1929 quem
1008 1877 1150 1915 acerbe
1172 1878 1239 1914 sed
1262 1879 1399 1915 merito

211 1942 437 1994 perstringit
460 1955 499 1992 p.
525 1939 620 1979 350v
632 1941 812 1998 Καθάπερ
832 1943 849 1981 ὁ
869 1944 1047 1983 Δωσιάδα
1070 1943 1188 1997 βωμὸς
1206 1944 1249 1983 ἂν
1268 1944 1319 1989 ε”η
1337 1944 1397 1983 καὶ

214 2010 235 2049 ἡ
265 2010 325 2046 τοῦ
357 2007 581 2060 Λυκόφρονος
608 2005 840 2063 Ἀλεξάνδρα
875 2009 935 2047 καὶ
964 2010 998 2048 εἴ
1021 2024 1071 2054 τις
1097 2012 1147 2048 ἔτι
1173 2010 1306 2048 τούτων
1333 2012 1398 2053 τὴν

215 2075 329 2129 φωνὴν
356 2070 707 2128 κακοδαιμονέςερος.
748 2073 891 2113 Versus
917 2075 1189 2128 Lycophronis
1214 2076 1398 2116 laudatus

215 2154 236 2179 a
264 2139 499 2179 Casaubono
522 2139 572 2176 ad
600 2138 846 2178 Athenaeum
876 2156 917 2193 p.
939 2141 1012 2179 195
1048 2148 1124 2179 est:

426 2204 564 2248 Πεύκης
594 2202 741 2249 ὀδόντας
769 2207 913 2260 ἕκτορας
940 2207 1194 2263 πλημμυρίδος.

259 2271 401 2310 Sumsit
436 2275 568 2309 autem
602 2269 651 2308 ab
686 2270 888 2311 Athenaeo
917 2274 1116 2313 Lucianus
1152 2275 1210 2314 τὸν
1236 2279 1397 2332 ἄχρηςον
