1572 2801
771 213 828 254 57

213 347 357 399 reperit
390 346 666 384 Aristodemus.
710 346 962 384 Scholiastes:
993 346 1227 401 Ἀριςόδημος
1261 351 1388 404 γράφει

218 411 299 451 α’ντὶ
321 415 381 451 τοῦ
404 411 533 451 Ἀλιν
560 411 739 451 Ἀλτιν.
771 415 859 460 οὕτῳ
883 413 955 466 γὰρ
977 413 1032 451 τὸν
1057 414 1137 467 περὶ
1159 429 1220 456 την
1245 414 1385 468 Ὀλυμ-

216 479 299 516 πίαν
335 480 437 517 τόπον
472 478 660 517 καλεῖσθαι
697 478 756 516 καὶ
784 479 842 516 τὸν
870 479 939 516 Δία
967 477 1005 525 ἐξ
1036 478 1200 519 ἐπιθέτου
1224 480 1384 519 Ἀλτιον.

215 544 309 597 μηδὲ
333 545 430 597 λόγον
456 547 546 597 ἔχειν
572 559 633 586 την
660 543 718 582 ὑπ’
749 544 856 582 αὐτοῦ
888 547 969 599 ἄρτι
995 546 1251 600 πεπορθημένην
1277 547 1388 585 Ἦλιν

214 611 307 666 ἱερὰν
335 610 395 649 καὶ
427 610 597 664 καθαρὰν
625 615 764 651 ποιῆσαι
774 642 790 661 ,
829 609 925 648 ἀλλὰ
954 610 1047 663 μηδὲ
1079 612 1167 667 ἱερὸν
1194 615 1278 653 εἶναι
1307 614 1388 659 Διὸς

217 676 251 714 ἐν
284 675 409 714 Ἤλιδι
443 674 524 712 ἀλλ’
557 675 591 712 ἐν
622 675 730 728 Πίσῃ.
763 675 974 727 ἀπῳκίσθαι
1005 675 1046 714 δὲ
1078 692 1140 716 τιν
1175 679 1293 716 Πῖσαν
1329 685 1389 723 τῆς

214 740 414 793 Ὀλυμπίαις
431 739 580 785 ςαδιόυς
600 739 652 787 ἕξ.
685 740 875 778 verissime
904 740 1049 778 omnia.
1081 740 1180 779 Vide
1207 756 1313 780 nunc
1338 744 1386 780 ad

212 801 425 856 utrumque
451 807 581 842 locum
610 817 715 855 quae
748 807 879 854 inepte
917 806 1149 855 obloquitur
1180 808 1387 857 Didymus,

210 873 314 911 unde
340 878 505 924 apparet
527 884 608 909 non
631 883 772 908 novam
799 883 878 908 esse
903 871 1227 909 consuetudinem
1254 872 1389 910 absur-

211 938 259 975 da
288 945 507 988 utcumque
541 937 786 987 expediendi.
832 938 885 973 De
915 938 1019 974 omni
1052 937 1128 973 hac
1163 940 1391 987 quaestione

209 1002 397 1055 legendus
425 1008 480 1041 est
510 1002 689 1041 Lehrsius
714 1002 763 1040 de
786 1001 1012 1040 Aristarcho
1041 1016 1079 1053 p.
1106 1000 1183 1039 365
1205 1015 1293 1055 sqq.
1320 1006 1390 1056 qui

209 1071 407 1106 utilissima
431 1070 552 1105 multa
579 1069 758 1119 collegit,
785 1081 867 1105 non
890 1069 943 1105 ita
969 1075 1098 1104 tamen
1128 1075 1169 1104 ut
1192 1082 1273 1106 rem
1299 1084 1391 1108 con-

209 1134 369 1179 ficeret,
406 1135 516 1186 quod
551 1147 632 1171 non
665 1140 720 1170 est
752 1134 866 1170 unius
902 1134 1068 1170 hominis
1109 1146 1238 1184 neque
1277 1137 1390 1173 unius

210 1202 357 1237 aetatis.
414 1200 591 1237 Ostendit
630 1200 752 1243 viam,
793 1200 952 1248 praeiit:
995 1212 1214 1249 sequemur.
1269 1201 1389 1239 Multa

208 1266 312 1303 idem
337 1265 387 1302 de
408 1264 552 1302 Latinis
577 1263 782 1301 codicibus
801 1269 838 1299 et
865 1264 1027 1300 criticis:
1059 1266 1254 1314 quantivis
1277 1267 1388 1315 pretii

208 1339 263 1369 est
286 1333 397 1369 locus
424 1332 678 1379 Quinctiliani
704 1332 773 1368 IX.
801 1330 837 1367 4.
863 1331 916 1368 39
943 1344 1062 1382 quem
1087 1332 1215 1369 attulit
1238 1347 1276 1384 p.
1295 1333 1386 1372 374.

210 1414 225 1432 ι
242 1396 451 1446 Quaedam
482 1399 526 1434 in
551 1397 755 1434 veteribus
784 1396 903 1432 libris
933 1402 1100 1446 reperta
1125 1403 1286 1435 mulare
1314 1401 1389 1435 im-

201 1466 337 1515 periti
362 1463 494 1501 solent
524 1468 562 1500 et
588 1462 682 1500 dum
713 1461 982 1499 librariorum
1015 1463 1221 1499 insectare·
1244 1463 1389 1500 volunt

208 1530 418 1567 inscitiam
460 1541 578 1564 suam
620 1527 900 1578 confitentust’
950 1527 1000 1563 ad
1041 1527 1139 1564 haec
1188 1527 1386 1565 Lehrsius:

208 1596 330 1633 ‚Tam
358 1606 487 1631 severe
514 1593 692 1630 iudicant
718 1593 767 1630 de
797 1591 1149 1630 coniectantibus.’'
1193 1592 1278 1630 Non
1307 1606 1388 1631 ma-

207 1662 263 1711 gis
302 1671 431 1696 severe
469 1671 590 1708 quam
632 1670 719 1694 vere
757 1658 947 1694 iudicasse
990 1658 1295 1704 Quinctilianum
1338 1660 1387 1696 de

203 1725 473 1764 Romanorum
502 1723 763 1775 grammaticis
792 1729 933 1760 temere
959 1728 997 1759 et
1023 1722 1182 1760 indocte
1210 1723 1384 1774 plerum-

201 1802 280 1841 que
310 1774 621 1826 coniectantibus
650 1782 860 1825 ostendunt
888 1789 1045 1837 plurimi
1081 1790 1157 1825 loci
1197 1788 1383 1827 Gelliani:

203 1854 371 1893 sufficiet
399 1853 606 1905 inspexisse
641 1852 673 1890 I.
705 1854 753 1898 7,
787 1853 834 1892 V.
864 1852 901 1890 4.
947 1852 1091 1889 Lehrsii
1129 1853 1254 1903 copiis
1279 1866 1385 1891 nunc

204 1922 364 1972 quidem
403 1920 481 1957 hoc
521 1926 673 1957 tantum
715 1920 882 1964 addam,
931 1921 1044 1957 fuisse
1081 1919 1150 1969 qui
1190 1931 1278 1956 suos
1313 1920 1386 1969 ipsi

201 1985 323 2024 libros
362 1986 630 2023 inemendatos
675 1999 771 2037 prae
816 1986 1058 2023 festinatione
1104 1985 1382 2035 relinquerent.

201 2053 391 2103 Diogenes
411 2052 601 2096 Laertius,
632 2052 679 2088 X.
706 2053 759 2091 27
780 2051 1056 2101 (Chrysippus)
1076 2050 1247 2097 πολλάκις
1266 2052 1382 2091 ταύτά

203 2121 356 2174 γέγραφε
383 2117 443 2155 καὶ
471 2115 680 2170 ἀδιόρθωτα
714 2116 804 2156 εἷλκε
832 2122 883 2171 τῷ
912 2115 1140 2169 ἐπείγεσθαι,
1169 2120 1238 2167 qui
1273 2118 1382 2154 locus

202 2191 240 2222 et
265 2185 348 2235 ipse
374 2183 595 2240 ἀδιόρθωτος
626 2191 681 2237 est
709 2197 755 2222 ac
793 2197 928 2230 nemu,
966 2185 1128 2236 opinor,
1161 2184 1381 2221 admonitus

202 2249 397 2287 dubitabit
424 2263 497 2303 pro
524 2249 617 2289 εἷλκε
646 2262 836 2301 reponere
866 2249 974 2288 εἴακε.

249 2313 342 2368 Pag.
371 2315 437 2356 22.
468 2316 622 2356 Exstat
644 2316 842 2370 epistolae
870 2315 1138 2368 Theophrasti
1165 2313 1223 2353 ad
1245 2313 1378 2354 Eude-
