1572 2801
722 239 809 284 105

179 384 297 425 saepe
326 372 368 411 in
395 370 668 411 minutioribus
695 372 932 425 quibusdam
967 373 1057 411 satis
1089 372 1218 413 bonae
1246 380 1357 422 sunt,

179 438 333 489 saepius
354 438 455 475 leves
474 450 521 475 ac
543 439 787 484 temerariae,
810 438 975 475 subinde
1000 452 1158 489 prorsus
1179 441 1354 491 ineptae,

180 508 224 541 ut
247 517 290 555 p.
311 501 402 542 694.
434 502 474 540 b.
502 503 601 543 ὁπότε
634 504 681 542 τὰ
704 504 801 543 κοινὰ
828 502 888 551 καὶ
917 509 1023 544 πᾶσιν
1050 505 1231 557 ἀναγκαῖα
1259 507 1356 551 τέλος

182 568 337 620 λάβοιεν.
377 572 567 613 τηνικαῦτα
603 569 676 623 γὰρ
717 568 789 613 ἤδη
828 573 897 608 τῶν
939 573 1054 623 σοφῶν
1093 572 1221 614 ἕκαςον
1261 571 1357 624 ᾠδην

183 650 259 675 τινα
285 635 406 687 ,καλὴν
441 634 488 679 εἰς
524 635 631 687 μέσον
664 632 780 681 ἠξίουν
814 635 1006 692 προφέρειν.
1057 635 1264 675 Soloecum
1302 645 1357 677 est

179 704 233 743 τά·
246 704 342 742 κοινὰ
365 702 461 747 τέλος
482 701 739 754 λαμβάνουσιν.
770 700 968 753 Scriptum
986 708 1040 739 est
1060 704 1100 740 in
1119 703 1353 755 archetypo:

180 769 277 812 τέλος
299 766 455 819 λάβοιεν.
478 771 593 807 ταῦτα
611 771 686 822 γάρ
706 768 781 807 me.
805 767 847 805 in
868 780 950 818 quo
971 767 1083 805 latet:
1113 767 1208 813 τέλος
1228 768 1352 820 λάβοι.

179 833 329 882 ἐνταῦθα
355 836 442 888 γάρ.
486 833 637 870 Auctor
663 833 861 882 Epitomes
897 831 968 882 qui
995 835 1110 870 ταῦτα
1143 845 1223 870 non
1261 847 1356 872 con·

179 898 377 950 coquebat
395 903 538 935 temere
557 898 748 941 τηνικαῦτα
770 895 879 934 dedit
902 894 952 932 de
974 908 1058 932 suo.
1089 896 1230 948 Itaque
1249 911 1356 937 nunc

176 964 285 1003 nulla
322 968 495 1013 superest
534 962 575 1000 in
610 961 812 999 Athenaeo
851 961 1029 998 lectionis
1071 961 1354 1014 discrepantia,

177 1036 216 1068 et
254 1027 474 1066 abiicienda
506 1033 595 1065 sunt
632 1037 911 1077 quaecumque
943 1025 1077 1062 adhuc
1109 1036 1273 1066 onerant
1308 1031 1356 1067 li-

175 1095 290 1133 brum
322 1106 368 1131 ex
401 1092 605 1130 codicibus
638 1092 782 1130 nullius
818 1091 977 1128 omnino
1017 1093 1128 1143 pretii
1170 1093 1357 1133 inutiliter

176 1159 356 1197 collecta.
399 1157 593 1208 Equidem
621 1157 862 1194 Marcianum
892 1157 1070 1193 codicem
1097 1159 1150 1194 sic
1183 1162 1352 1206 excussi,

176 1231 220 1264 ut
247 1224 297 1262 de
320 1224 402 1261 eius
424 1224 618 1274 scriptura
644 1222 794 1274 ubique
821 1227 972 1260 constet
995 1228 1032 1260 et
1060 1221 1359 1264 confirmabitur

173 1301 309 1328 eorum
340 1289 549 1333 sententia,
589 1288 659 1338 qui
693 1288 863 1339 plurima
898 1288 937 1324 in
963 1289 1030 1324 illo
1058 1288 1158 1325 libro
1194 1301 1357 1341 compa-

173 1355 299 1393 rando
338 1359 406 1392 aut
444 1354 546 1392 male
581 1354 720 1392 omissa
760 1359 827 1390 aut
865 1353 1105 1405 negligenter
1140 1354 1353 1394 admodum

172 1422 275 1458 lecta
299 1432 378 1457 esse
402 1419 679 1456 existimarunt.
723 1418 798 1456 Vix
822 1418 960 1454 credas
982 1419 1023 1455 in
1045 1420 1134 1455 loco
1157 1419 1355 1458 Xenarchi

173 1499 214 1537 p.
242 1483 334 1523 693.
364 1482 408 1522 C.
438 1482 505 1520 ubi
531 1494 640 1520 nunc
667 1480 829 1534 legitur:

336 1562 384 1605 ὡς
411 1560 477 1600 ὑπό
505 1575 537 1598 τι
564 1561 727 1605 νυςάζειν
751 1573 794 1611 γε
822 1559 951 1603 καύτὸς
978 1562 1153 1613 ἄρχομαι.

334 1627 357 1669 ἡ
385 1626 551 1680 τάγαθοῦ
579 1622 744 1678 δαίμονος
1157 1613 1161 1616 ’

338 1693 508 1732 συνέσεισε
536 1692 573 1744 μ’
600 1691 795 1731 ἐκποθεῖσα
823 1691 931 1746 φιάλη
958 1691 1151 1736 παντελῶς.

176 1773 218 1811 in
248 1758 387 1811 codice
419 1772 572 1824 liquido
604 1772 792 1823 scriptum
822 1782 920 1807 esse:
956 1756 1353 1816 ὡσεῦποτινυςοὲζειν-

177 1838 549 1901 γεκαυτοσάρχομαι
566 1837 771 1899 ητάγαθοῦ
788 1839 983 1897 δαίμονοσ
999 1834 1348 1898 σῦνεσισεμεάκρα-

175 1917 465 1965 τοσέκποθεῖσαῑ
498 1925 604 1964 unde
631 1925 860 1977 legendum:

361 2006 382 2046 ἡ
410 2005 567 2056 τάγαθοῦ
595 2005 704 2058 (γὰρ)
732 2002 895 2056 δαίμονος
920 2003 1092 2042 συνέσεισέ
1119 2018 1163 2054 με

360 2072 515 2124 ἄκρατος
542 2067 739 2108 ἐκποθεῖσα
766 2068 873 2124 φιάλη
901 2068 1098 2113 παντελῶς.

169 2148 225 2185 Ea
252 2153 307 2185 est
335 2153 464 2184 autem
487 2148 586 2184 ratio
612 2147 715 2183 illius
736 2146 908 2190 codicis,
939 2152 982 2182 ut
1008 2158 1054 2182 ex
1082 2143 1347 2193 antiquissimo

169 2212 270 2250 libro
296 2214 337 2251 in
356 2226 439 2264 quo
459 2212 654 2251 vocabula
674 2212 806 2249 omnia
826 2211 1047 2256 uncialibus
1064 2209 1179 2248 literis
1199 2209 1348 2259 scripta

168 2278 307 2314 eodem
334 2284 468 2315 tenore
498 2277 726 2314 continuata
762 2282 872 2313 erant
908 2276 958 2313 ab
989 2274 1145 2311 librario
1171 2274 1346 2309 omnium

168 2352 296 2380 rerum
310 2340 550 2393 ignarissimo
571 2340 617 2380 sit
632 2339 864 2392 descriptus.
895 2339 1037 2379 Eadem
1055 2338 1198 2392 pagina
1213 2337 1293 2377 693
1306 2351 1344 2377 a.
