1572 2801
727 171 835 215 15⁷

166 309 268 350 dum
288 308 402 363 quod
422 310 464 349 in
479 308 667 350 manibus
681 314 743 350 est
764 308 972 352 adhibere.
1003 311 1070 352 Sic
1087 310 1324 366 praeclaris-

163 382 299 423 simus
332 381 507 438 quisque
536 381 800 438 antiquorum
833 396 929 424 cum
963 383 1232 424 recentiorum
1264 382 1328 424 in·

171 455 294 495 santia
333 460 373 496 et
400 461 567 512 stupore
598 455 873 509 componitur.
933 455 1003 496 Est
1033 455 1188 510 aliquid
1223 457 1330 497 inter

172 526 395 571 Homerum
415 532 456 570 et
487 525 757 580 magistellos,
788 526 859 583 qui
885 526 1039 569 Romae
1063 531 1104 569 et
1129 526 1328 569 Constan-

166 602 362 659 tinopoli,
402 599 515 656 poesi
556 598 717 640 dudum
756 601 956 653 extincta,
989 601 1166 642 Graecos
1197 601 1327 642 hexa-

167 680 318 717 metros
337 676 573 730 pangerent.
616 670 686 715 Est
710 672 865 730 aliquid
891 674 996 717 inter
1019 673 1230 716 Platonem
1253 678 1325 715 aut

167 746 479 788 Demosthenem
509 749 550 786 et
582 745 722 786 inanes
748 745 948 801 sophistas
973 751 1014 787 et
1044 745 1227 786 rhetores
1252 760 1327 786 nu-

169 832 239 875 gas
269 816 412 876 putide
434 815 747 859 deblaterantes.
792 817 921 874 Saepe
941 831 1032 871 eos,
1065 817 1136 873 qui
1164 816 1328 858 labente

170 905 218 933 ac
266 888 565 948 propemodum
612 889 789 931 extincta
836 891 1065 932 Graecitate
1112 889 1326 942 vixerunt,

170 969 242 1007 aut
271 963 377 1006 alius
410 962 575 1019 linguae
599 962 692 1005 usui
722 962 909 1005 innutriti
936 963 1091 1006 Graece
1119 960 1329 1004 balbutire

170 1037 419 1089 didicerunt,
456 1035 586 1077 metiri
621 1035 754 1077 solent
779 1035 970 1077 nonnulli
996 1041 1036 1077 et
1070 1035 1274 1091 explicare
1304 1048 1327 1075 e

169 1109 668 1169 praeclarissummorum
702 1107 813 1164 apud
841 1109 1031 1165 antiquos
1061 1108 1238 1149 Graecos
1268 1107 1328 1149 in-

169 1185 383 1240 geniorum
425 1181 713 1223 monumentis.
774 1180 1060 1223 Mirandumne
1095 1185 1157 1222 est
1195 1195 1244 1221 ex
1280 1195 1326 1222 ea

170 1258 324 1299 ratione
349 1259 390 1298 et
413 1254 565 1296 formas
589 1252 808 1296 verborum
829 1253 1038 1296 instabiles
1062 1253 1188 1296 videri
1213 1258 1254 1295 et
1275 1253 1324 1295 si·

168 1328 387 1386 gnificandi
419 1331 638 1383 potestates
664 1331 747 1367 tam
776 1327 905 1367 varias
929 1325 1015 1367 fieri
1043 1331 1084 1367 et
1108 1324 1320 1380 ambiguas

168 1406 215 1443 ut
242 1415 265 1443 e
293 1414 441 1455 magna
468 1401 584 1456 copia
614 1397 956 1455 significationum
990 1397 1168 1454 arripere
1200 1397 1319 1439 liceat

164 1472 387 1527 unicuique
409 1471 522 1527 quod
544 1472 587 1512 in
611 1485 695 1512 rem
719 1484 834 1513 suam
857 1476 1012 1513 vertere
1032 1471 1172 1527 possit.
1215 1470 1323 1512 Hinc

163 1558 248 1586 non
293 1558 439 1597 unam,
485 1539 555 1585 sed
593 1542 822 1599 duplicem,
862 1542 932 1584 sed
963 1544 1083 1584 etiam
1113 1542 1318 1600 triplicem

163 1616 399 1659 sententiam
436 1615 543 1657 idem
582 1615 698 1657 locus
734 1616 942 1658 continere
980 1630 1098 1672 posse
1132 1621 1317 1673 putatur.

163 1689 264 1747 Spes
295 1695 357 1731 est
388 1686 472 1745 (vel
502 1693 637 1730 metus
665 1688 821 1746 potius)
848 1688 936 1730 fore
963 1695 1010 1731 ut
1034 1695 1178 1744 quarta
1196 1691 1317 1732 etiam

161 1768 202 1804 et
232 1762 376 1818 quinta
410 1760 631 1817 aliquando
662 1760 715 1802 ab
751 1760 912 1803 erudito
944 1762 1164 1817 interprete
1197 1777 1319 1804 exco-

162 1837 314 1892 gitetur
351 1849 399 1877 ac
436 1834 555 1877 docte
596 1833 846 1876 adstruatur.
909 1834 1089 1877 Hoccine
1131 1850 1226 1877 vero
1256 1840 1318 1878 est

162 1907 391 1964 intelligere
434 1905 624 1964 aliquid?
684 1906 795 1948 Itane
843 1907 949 1949 inter
993 1922 1068 1949 nos
1111 1908 1314 1965 colloqui,

162 1981 270 2023 itane
300 1980 476 2023 scribere
502 1980 687 2023 homines
715 1979 927 2023 solemus?

220 2052 518 2110 Emergendum
541 2068 590 2096 ex
612 2053 689 2096 bac
716 2054 888 2110 caligine
911 2055 966 2096 ita
989 2059 1070 2108 est,
1099 2060 1147 2097 ut
1167 2070 1313 2098 unum·

160 2141 367 2185 quemque
411 2128 651 2184 scriptorem
684 2142 733 2170 ex
767 2141 810 2170 se
847 2133 1031 2185 spectare
1061 2134 1220 2170 mature
1252 2142 1316 2170 as-

161 2200 382 2243 suefiamus
417 2206 465 2243 ut
499 2215 606 2257 quae
635 2201 696 2244 sitv
733 2200 846 2257 apud
881 2215 1088 2257 quemque
1124 2206 1315 2243 constans

157 2272 350 2316 orationis
385 2273 538 2328 forma,
569 2287 675 2330 quae
707 2274 765 2315 vis
794 2272 967 2329 singulis
996 2272 1207 2316 vocabulis
1234 2272 1312 2315 di-
