1572 2801
767 210 855 259 158

400 347 460 401 χὼ
486 347 551 402 μὲν
577 347 721 401 κυνηγὸς
747 348 889 402 ἰχθύων
913 348 1104 389 ἁλιπλώων

327 414 365 453 5.
395 417 514 471 θήραν
540 415 577 454 δ’
605 417 622 455 ὁ
651 415 795 471 γριπεὺς
824 417 978 470 ᾑρέτιζεν
1005 416 1150 472 α’γρείην

399 484 448 520 τοί
476 481 510 521 τ’
536 483 629 536 εἶχον
657 481 876 522 οἷντέδωκαν.
908 484 984 523 εἶτα
1012 485 1075 524 τὴν
1099 485 1217 540 θήρην

398 548 540 601 ἤμειβον
568 549 651 601 ciel,
680 549 807 588 δεῖπνα
835 549 871 588 δ’
900 550 993 601 εἶχον
1020 549 1135 601 ἡδίω,

399 618 461 660 ἕως
490 630 540 661 τις
567 616 684 661 αὐτοῖς
711 616 821 657 εἶπεν·
854 615 957 654 dno}
984 615 1043 654 καὶ
1072 618 1204 657 τούτων

399 683 439 723 τὸ
466 684 605 738 χρηςὸν
631 683 781 731 ἐξολεῖτε
809 689 853 736 τῇ
880 685 1053 734 συνηθείᾳ
1063 716 1079 735 ,

310 749 371 789 10.
401 750 507 790 πάλιν
535 750 571 790 δ’
599 753 728 796 ἕκαςος
757 751 781 789 ἃ
808 750 889 805 πρὶν
917 752 990 803 εἶχε
1018 752 1171 797 ζητήσει.

207 829 288 855 non
310 830 412 870 opus
431 824 486 855 est
507 817 710 855 ostendere
730 829 853 869 quam
870 817 993 854 multa
1014 816 1130 867 insint
1151 816 1254 853 male
1272 815 1391 854 Grae-

209 896 256 922 ca
291 890 329 920 et
367 896 387 920 a
421 889 595 921 veterum
629 895 738 921 more
779 883 917 920 aliena.
974 883 1075 921 Vitia
1110 883 1271 920 metrica
1312 883 1393 921 duo

207 951 339 988 insunt
376 962 430 987 vs.
463 949 499 988 7.
536 955 591 986 est
617 949 810 991 senarius,
848 960 940 986 nam
968 949 1008 986 in
1036 948 1171 987 Ionica
1198 948 1390 996 dialecto,

209 1016 323 1055 cuius
344 1014 504 1066 vestigia
529 1021 724 1067 apparent
748 1016 789 1052 in
812 1014 977 1069 α’γρείην,
998 1017 1048 1053 τά
1067 1026 1104 1053 τε
1112 1047 1127 1067 ,
1147 1017 1288 1073 θήρην,
1307 1026 1394 1054 cre·

209 1084 311 1122 ticus
337 1089 392 1121 est
419 1081 523 1125 ἡδίω.
554 1094 607 1119 vs.
635 1081 695 1119 10.
725 1082 802 1119 exit
829 1082 870 1119 in
903 1080 1003 1118 duos
1030 1082 1243 1132 spondeos:
1278 1095 1393 1134 prae-

206 1154 313 1187 terea
338 1161 388 1186 ne
414 1148 515 1185 mica
546 1146 709 1198 quidem
735 1148 823 1184 salis
851 1148 968 1191 inest,
999 1159 1049 1184 ne
1075 1159 1206 1185 sensus
1232 1148 1395 1199 quidem

211 1216 309 1266 »qui
326 1213 531 1266 prudenti
553 1216 683 1251 vitam
710 1215 885 1251 consilio
912 1211 1114 1250 moneat.''
1153 1211 1255 1251 Num
1280 1220 1400 1265 pute-

209 1292 296 1316 mus
326 1279 526 1316 meliorem
559 1290 639 1316 esse
670 1282 829 1329 poetam
860 1279 928 1330 qui
955 1279 1026 1315 ista
1051 1279 1251 1316 contexuit
1277 1291 1399 1331 quam

210 1345 281 1397 qui
312 1344 537 1389 haee.22‚
571 1343 632 1382 14.

373 1412 505 1466 φάσκει
533 1410 570 1450 δ’
595 1411 615 1449 ὁ
640 1411 757 1463 μῦθος
782 1413 884 1450 τοῦτο
910 1416 1020 1450 πᾶσιν
1046 1411 1272 1467 ἀνθρώποις·

375 1475 516 1523 ἐλεεινὸς
542 1479 616 1523 ὅςις
643 1477 689 1523 εἰς
716 1479 887 1531 γυναῖκας
916 1475 1096 1531 ἐμπίπτει.

213 1542 300 1594 (ubi
326 1556 458 1583 versus
487 1546 557 1596 qui
584 1546 761 1596 sequitur
794 1551 849 1583 est
878 1545 1118 1601 διττογραφιά
1152 1554 1283 1582 versus
1319 1544 1395 1589 13,

212 1609 376 1661 pessime
404 1617 617 1663 corruptus
642 1610 695 1649 ab
721 1610 994 1664 Lachmanno)
1025 1618 1092 1650 aut
1120 1612 1237 1658 haec,
1262 1612 1331 1658 23,
1354 1609 1394 1649 9.

401 1675 563 1716 ἐντεῦθεν
590 1680 685 1729 ἡμᾶς
715 1678 810 1717 τοῦτ’
836 1681 922 1717 ἔοικε
949 1681 1151 1755 γινώσκειν·

405 1740 557 1793 ἄβουλον
582 1742 693 1794 εὐχὴν
719 1744 791 1787 τοῖς
818 1743 932 1782 θεοῖσι
961 1744 1010 1797 μὴ
1038 1745 1186 1795 πέμπειν

405 1805 445 1846 ἐκ
472 1813 533 1854 τῆς
560 1808 645 1864 πρὸς
671 1812 767 1865 ὤραν
793 1808 1045 1866 ἐκφορουμένης
1071 1808 1196 1856 λύπης

216 1876 284 1910 aut
310 1872 383 1919 24,
414 1872 453 1910 9

403 1939 570 1996 χαίρουσι
598 1939 720 1980 πολλοὶ
746 1945 816 1981 τῶν
842 1940 1021 1998 ὑπερβολῇ
1048 1942 1183 1998 κούφων

403 2006 456 2062 ἐφ’
483 2007 531 2051 οἷς
558 2011 652 2060 ἄγαν
679 2008 858 2060 μέλλουσιν
884 2008 965 2061 οὐχὶ
993 2011 1187 2064 χαιρήσειν.

211 2083 261 2109 ac
295 2072 433 2111 similia
463 2074 628 2126 passim,
672 2087 778 2126 quae
806 2075 940 2128 spuria
978 2087 1057 2114 esse
1086 2085 1220 2114 omnes
1246 2073 1399 2113 intelle·

208 2145 364 2176 xerunt.
402 2139 532 2178 Nihilo
560 2142 723 2179 meliora
749 2153 881 2193 neque
904 2146 1023 2194 poeta
1046 2140 1198 2181 Graeco
1220 2141 1399 2193 digniora

210 2216 290 2242 esse
310 2205 502 2257 pleraque
525 2206 600 2244 alia
629 2207 792 2245 criticus
815 2218 925 2246 nunc
945 2209 1059 2247 nullo
1082 2208 1240 2262 negotio
1264 2220 1400 2261 argue-

207 2283 249 2309 re
276 2273 435 2323 poterit.

261 2338 361 2376 Satis
387 2338 486 2377 haec
513 2351 581 2379 vos
607 2347 771 2387 acuent,
797 2339 937 2392 optimi
966 2342 1150 2389 iuvenes,
1177 2341 1248 2394 qui
1270 2340 1310 2380 in
1334 2340 1398 2379 Li-
