1572 2801
732 188 789 231 58

159 336 269 361 mum
291 317 617 371 fragmentum).
657 318 779 369 Apud
803 319 1050 370 Simplicium
1075 322 1117 360 in
1143 335 1342 363 commen-

163 389 261 426 tario
289 392 397 423 sexto
426 386 476 423 ad
510 385 675 436 Physica
714 385 925 421 Aristotelis
951 399 991 435 p.
1021 386 1111 424 216.
1142 387 1273 443 εἴρηται
1298 388 1341 429 δὲ

161 452 220 493 καὶ
256 454 425 507 πρότερον
463 454 514 490 ὅτι
554 452 600 489 τὰ
639 449 700 504 μὲν
736 450 835 488 πέντε
873 448 998 500 βιβλία
1033 452 1080 490 τὰ
1117 452 1184 507 πρὸ
1221 456 1347 495 τούτου

162 522 304 561 Φυσικὰ
332 520 503 570 καλοῦσι,
533 520 579 557 τὰ
607 518 632 557 δ
635 519 643 530 “
671 518 832 558 ἐντεῦθεν
852 518 932 573 τρία
950 518 1025 574 περὶ
1048 523 1229 567 κινήσεως.
1255 525 1344 562 οὕτω

162 590 234 644 γὰρ
253 587 313 626 καὶ
337 586 558 640 Ἀνδρόνικος
579 584 614 623 ἐν
637 589 688 637 τῷ
711 586 819 638 τρίτῳ
847 584 976 638 βιβλίῳ
1004 590 1074 624 τῶν
1098 585 1347 641 Ἀριςοτέλους

163 653 240 709 περὶ
260 656 429 696 κινήσεως
445 650 708 700 διατάττεται,
729 652 986 703 μαρτυροῦντος
1004 650 1083 705 περὶ
1105 657 1175 691 τῶν
1197 656 1346 709 πρώτων

165 720 224 759 καὶ
242 721 458 775 Θεοφράς-ου
470 750 485 769 ,
513 717 720 772 γράψαντος
744 714 915 767 Εὐδήμου
935 716 1021 770 περί
1043 731 1128 763 τινος
1155 719 1254 773 αὐτῷ
1277 725 1347 760 τῶν

165 785 454 840 διημαρτημένων
495 785 724 837 ἀντιγράφων
766 782 862 820 κατὰ
907 782 946 820 τὸ
987 784 1142 835 πέμπτον
1185 784 1344 837 βιβλίον.

165 851 281 908 ὑπὲρ
323 850 407 902 ὧν,
446 850 572 906 φησὶν,
611 849 866 895 ἐπέςειλας
903 850 1103 891 κελεύων
1145 868 1196 906 με
1235 858 1345 910 γρά-

167 920 253 972 ψαι
290 917 367 956 καὶ
397 917 657 961 ἀπος-εῖλαι
685 915 732 953 ἐκ
771 921 859 954 τῶν
894 922 1102 970 φυσικῶν
1130 924 1230 959 ἤτοι
1259 922 1349 974 ἐγὼ

166 986 213 1025 οὐ
262 984 449 1036 ξυνίημι
495 983 516 1025 ἢ
567 984 732 1037 μικρόν
779 998 820 1021 τι
870 983 1113 1030 παντελῶς
1159 988 1257 1038 ἔχει
1303 988 1352 1028 τὰ

167 1052 255 1090 ἀνὰ
293 1051 431 1102 μέσον
467 1052 545 1088 τοῦ
581 1051 693 1103 ὅπερ
732 1050 923 1103 ἠρεμεῖν
961 1050 1087 1089 καλῶ
1124 1057 1212 1091 τῶν
1249 1055 1348 1093 ἀκι-

166 1123 312 1161 νήτων
354 1116 518 1169 μόνον,
559 1112 773 1152 ἐναντίον
821 1114 912 1168 ’γὰρ
959 1116 1130 1169 ἠρεμία
1171 1122 1348 1161 κινήσει

166 1190 256 1231 ῶςε
293 1185 487 1239 ςέρησις
528 1181 580 1218 ἂν
618 1181 685 1222 εἴη
728 1183 805 1218 τοῦ
847 1180 1085 1220 δεκτικοῦ.
1116 1186 1190 1227 ὥςε
1218 1184 1278 1223 καὶ
1310 1185 1351 1224 τὸ

167 1252 326 1304 πέμπτον
355 1247 493 1299 βιβλίον
524 1247 541 1284 ὁ
570 1247 779 1300 Θεόφραςος
813 1244 851 1283 ἐκ
880 1251 949 1285 τῶν
976 1253 1128 1302 φυσικῶν
1158 1251 1299 1302 νομίζει.

212 1317 306 1368 Pag.
336 1316 401 1352 22.
444 1312 742 1350 Homuncc'ones
771 1314 940 1363 antiqui
967 1315 1169 1351 sermonis
1195 1329 1352 1368 parum

157 1384 295 1435 periti
325 1382 439 1417 nacti
466 1383 645 1416 vetustos
673 1378 798 1414 libros
826 1380 871 1414 z'n
904 1378 1053 1428 quibus
1092 1379 1242 1418 literae
1269 1396 1351 1419 om·

163 1462 235 1487 nes
262 1461 343 1488 non
373 1445 561 1483 div-emtis
589 1443 768 1495 singulis
800 1444 1010 1482 vocabulis
1049 1445 1183 1482 eodem
1213 1451 1353 1485 tenore

163 1512 543 1554 continuabantur,
574 1509 798 1546 ridiculum
824 1510 870 1545 in
897 1510 1055 1547 modum
1081 1511 1238 1549 slmiles
1262 1513 1351 1551 lite-

164 1591 310 1619 rarum
338 1575 510 1626 formas
545 1572 829 1623 confundunt,
869 1575 1156 1625 coniungenda
1193 1577 1349 1616 distra-

163 1648 290 1686 hunt,
343 1642 594 1692 disiungunt
633 1639 947 1688 contrahenda).
1002 1641 1141 1678 Mirum
1180 1655 1261 1680 non
1296 1652 1352 1683 est

161 1708 397 1748 recentiores
430 1704 644 1742 Graeculos
677 1705 717 1741 in
749 1704 793 1741 iis
827 1706 995 1756 graviter
1032 1718 1184 1753 errare,
1227 1723 1352 1760 quum

164 1779 316 1813 constet
343 1773 447 1822 ipsos
470 1776 616 1806 veteres
641 1767 796 1819 saepius
819 1769 858 1806 in
886 1782 930 1806 ea
952 1783 993 1806 re
1017 1771 1218 1810 titubasse.
1260 1774 1354 1812 Tur-

162 1842 225 1894 pis
266 1850 375 1876 error
411 1841 467 1872 est
501 1834 691 1871 Athenaei
730 1834 798 1870 Xl.
840 1848 879 1885 p.
914 1834 1013 1881 500,
1061 1837 1128 1874 ubi
1165 1837 1215 1874 de
1257 1850 1352 1876 voce

166 1907 294 1961 σκύφος
331 1904 519 1940 disserens
547 1914 594 1938 ex
626 1900 786 1951 Ephoro
823 1900 923 1958 haec
953 1902 1084 1939 affert:
1124 1901 1281 1943 ἐκαλεῖτο
1307 1904 1353 1945 δὲ

167 1974 227 2013 καὶ
268 1968 489 2025 Δερκυλίδας
526 1969 544 2007 ὁ
583 1967 861 2020 Λακεδαιμόνιος
907 1969 1104 2024 σκύφος,
1151 1975 1199 2016 ὥς
1250 1985 1353 2026 φησιν

165 2041 320 2096 Ἔφορος
347 2038 382 2077 ἐν
414 2043 457 2089 τῇ
485 2033 780 2087 ὀκτωκαιδεκάτῃ
812 2034 924 2087 λέγων
948 2038 1073 2080 οὕτως·
1115 2036 1350 2090 Λακεδαιμό-

165 2123 226 2147 νιοι
260 2104 338 2145 ἀντὶ
370 2102 556 2159 Θίβρωνος
596 2101 817 2158 Δερκυλίδαν
853 2102 1018 2154 ἔπεμψαν
1050 2102 1095 2146 εἰς
1130 2104 1194 2145 τὴν
1227 2103 1351 2144 Ἀσίαν

166 2174 348 2217 ἀκούοντες
377 2174 430 2210 ὅτι
458 2172 580 2208 πάντα
607 2171 777 2222 πράττειν
796 2167 965 2206 εἰώθασιν
985 2168 1015 2206 οἱ
1041 2167 1120 2224 περὶ
1147 2171 1208 2211 τὴν
1230 2169 1354 2209 Ἀσίαν

168 2240 347 2297 βάρβαροι
388 2236 466 2291 μετ’
511 2237 655 2279 ἀπάτης
694 2234 754 2273 καὶ
793 2233 912 2273 δόλου.
965 2235 1092 2291 Διόπερ
1133 2236 1353 2294 Δερκυλίδαν

168 2307 333 2359 ἔπεμψαν
355 2310 465 2350 ἥκιςα
486 2303 678 2355 νομίζοντες
704 2300 1068 2348 ἐξαπατηθήσεσθαι.
1095 2301 1134 2346 ἧν
1157 2305 1231 2359 γὰρ
1252 2304 1356 2344 οὐδὲν
