1572 2801
783 175 842 219 86

198 313 380 367 legerim:
422 308 484 351 καὶ
519 307 595 364 γὰρ
639 307 688 354 ὡς
726 307 766 347 οὐ
805 309 1023 359 κατεμήνυσε
1055 309 1126 347 τῶν
1164 305 1308 363 ἀνδρῶν
1342 325 1395 334 --

202 379 356 419 θανάτου
380 375 446 416 οὒκ
469 375 515 415 ἂν
538 373 693 426 δύναιτοξ
712 371 880 413 οὐδέποτε
909 370 1115 419 ἀποδεῖξαι.
1167 372 1233 410 Sic
1263 384 1391 423 appa-

201 449 261 483 ret
287 442 389 495 quid
420 442 647 494 peccaverit
683 446 883 479 corrector
908 434 1049 483 vetus,⁴
1072 439 1141 490 qui
1172 452 1298 490 quum
1330 438 1396 479 καί

201 521 286 547 non
308 508 401 546 satis
429 512 648 557 appareret·
666 506 856 544 audacter
880 504 942 544 δεῖ
966 505 1039 558 γὰρ
1070 503 1175 543 αὐτὸν
1203 503 1392 551 ἀποδεῖξαι

203 573 367 612 infersit.
410 571 529 610 Aliud
555 572 777 623 exemplum
804 571 900 610 mihi
922 572 1055 611 videre
1076 571 1211 609 videor
1233 571 1275 608 in
1300 570 1391 609 loco

203 638 369 690 pessime
398 636 537 675 habito
566 651 610 688 p.
639 637 715 674 112
749 636 857 686 (270.
888 636 953 687 Β.)
989 642 1131 691 πρῶτον
1161 637 1222 691 μὲν
1248 632 1305 675 οὖν
1332 641 1390 675 ἵνα

201 707 254 757 μή
281 717 333 750 τις
361 701 462 755 ὑμῶν
487 703 594 755 τοίχα
623 700 673 744 δὴ
705 700 853 753 βοηθῶν
886 701 934 747 οἷς
963 700 1189 758 ἐξημάρτηκε
1225 704 1393 759 πρόφασιν

201 770 389 826 πορίσηται
416 773 483 814 τῆς·
504 769 685 825 ἁμαρτίας
716 769 854 810 εἰπάτω
880 769 931 815 τίς
957 768 1055 823 ὑμῶν
1084 769 1143 810 ὑπ’
1166 769 1252 824 ἐμοῦ
1274 775 1392 815 κακῶς

200 837 352 879 ἀκήκοεν
381 835 405 878 ἢ
432 836 624 876 πέπονθεν.
666 836 806 875 Dicam
833 835 932 889 quid
959 838 1106 876 venerit
1133 839 1174 876 in
1200 844 1390 876 mentem:

201 902 400 955 scripsisse
428 903 608 953 suspicor
632 909 851 941 oratorem:
879 906 936 941 ἵνα
962 909 1013 956 μή
1044 919 1095 949 τις
1117 903 1216 957 ὑμῶν
1236 903 1285 950 οἷς
1307 904 1388 952 ἐξη-

201 973 366 1025 μάρτηκε
393 968 570 1022 πρόφασιν
596 966 782 1019 πορίσηται
807 971 869 1011 τῆς
893 968 1074 1022 ἁμαρτίας
1095 969 1219 1008 εἴπατε
1241 970 1292 1015 τίς
1313 970 1390 1009 κτὲ.

199 1035 296 1081 fuit,
337 1033 409 1086 qui
445 1032 599 1084 aliquid
639 1032 771 1070 deesse
806 1038 986 1084 putaret3
1029 1033 1236 1087 adscripsit
1273 1036 1392 1088 igitur

198 1104 306 1155 τάχα
329 1099 376 1143 δὴ
397 1098 533 1152 βοηθῶν
560 1097 773 1149 »fortasse
795 1097 972 1150 βοηθῶν”
997 1113 1141 1152 nempe
1166 1101 1393 1139 addendum

199 1167 263 1208 vel
291 1165 597 1209 restituendum,
628 1164 741 1215 quod
767 1177 876 1203 nunc
903 1167 1006 1204 male
1032 1167 1232 1205 invectum
1263 1174 1318 1206 est
1351 1168 1393 1206 in

201 1232 434 1272 orationem.
489 1230 692 1282 Ancipites
728 1230 944 1269 istiusmodi
982 1232 1230 1269 coniecturas
1269 1232 1395 1270 fateor

201 1310 302 1338 esset
345 1295 513 1335 certiora
549 1302 639 1334 sunt
675 1308 781 1347 quae
814 1296 864 1334 de
898 1309 1000 1335 nova
1038 1297 1344 1348 interpolatione
1373 1310 1395 1335 e

199 1363 466 1403 Laurentiano
497 1361 638 1398 codice
671 1361 887 1399 ostendam.
937 1362 1067 1409 Quam
1101 1368 1245 1399 temere
1276 1363 1307 1399 is
1344 1363 1390 1400 li-

199 1428 297 1475 ber,
338 1426 453 1465 cuius
487 1424 701 1463 auctoritas
733 1424 917 1463 Bekkero
941 1432 979 1463 et
1008 1427 1091 1464 aliis
1123 1428 1308 1480 imposuit
1320 1449 1337 1475 ,Α
1369 1442 1391 1467 a

203 1493 403 1534 Graeculo
421 1492 469 1529 sit
490 1491 751 1541 interpolatus
769 1503 850 1528 non
867 1504 1024 1542 possum
1046 1494 1184 1530 melius
1207 1507 1387 1546 arguere,

203 1570 329 1612 quam
356 1556 387 1594 si
413 1567 533 1593 unam
559 1554 735 1606 aliquam
757 1556 975 1593 orationem
999 1563 1121 1596 totam
1144 1572 1390 1611 percurrero.

203 1623 339 1676 Delegi
365 1622 534 1674 primam
560 1619 642 1659 κατ’
668 1618 901 1671 Ἀλκιβιάδου
912 1651 929 1672 ,
957 1634 1004 1659 ex
1031 1635 1113 1673 qua
1140 1624 1231 1661 satis
1257 1637 1394 1676 super-

203 1702 286 1743 que
320 1687 434 1741 quod
464 1686 559 1724 mihi
588 1687 837 1737 propositum
865 1692 920 1723 est
948 1687 1109 1738 probari
1142 1701 1254 1741 posse
1289 1690 1394 1729 arbi-

205 1763 301 1797 tror.
340 1754 435 1806 Pag.
465 1750 541 1792 140
560 1752 659 1803 (340
680 1752 744 1804 B.)
764 1754 916 1807 ἡγοῦμαι
936 1752 991 1805 δ’,
1019 1750 1048 1793 ὧ
1069 1753 1196 1810 ἄνδρες
1217 1754 1396 1811 δικαςαί,

206 1823 279 1879 ὅλῳ
301 1826 355 1877 τῷ
381 1822 475 1876 νόμῳ
499 1820 599 1874 μόνον
621 1818 725 1860 αὐτὸν
748 1825 819 1860 τῶν
841 1821 991 1861 πολιτῶν
1009 1824 1130 1875 ἔνοχον
1151 1824 1251 1863 εἶναι.
1276 1826 1397 1881 ἀςρα-

207 1892 304 1937 τείας
330 1890 393 1945 μὲν
416 1892 469 1930 ὅτι
489 1889 698 1943 καταλεγεὶς
718 1891 736 1929 ὁ
758 1893 878 1946 πατὴρ
901 1891 964 1930 οὐκ
986 1891 1164 1938 ἐπεξῆλθε
1187 1893 1274 1946 μεθ’
1298 1894 1397 1948 ὑμῶν

208 1956 579 2014 ςρατοπεδευομένων.
627 1950 835 1996 Corrector
856 1958 989 1996 locum
1009 1965 1241 2011 corruptum
1263 1961 1319 1998 sic
1343 1962 1398 2000 in-

208 2025 440 2077 terpolavit:
469 2027 521 2063 ὅτι
549 2025 587 2063 οὐ
616 2023 814 2076 κατελέγη,
843 2023 1061 2071 λειποταξίου
1087 2024 1128 2064 δὲ
1154 2028 1206 2064 ὅτι
1232 2026 1295 2065 οὐκ
1316 2025 1397 2068 ἐπι-

210 2089 329 2139 ξῆλὲε
367 2089 439 2144 μεθ’
474 2090 573 2143 ὑμῶν
606 2089 822 2146 ςρατοπέδῳ
853 2092 977 2143 μόνος,
1016 2104 1121 2144 quae
1160 2104 1287 2142 quum
1325 2106 1400 2131 nec

205 2156 416 2208 verasszsint
455 2170 529 2195 nec
566 2158 667 2195 bene
714 2157 864 2196 Graeca
909 2171 1040 2211 neque
1079 2171 1231 2196 sensum
1273 2159 1401 2198 conti-

203 2230 325 2264 neant
349 2236 458 2271 eum,
486 2237 604 2275 quem
629 2224 845 2263 Graeculus
867 2226 1054 2276 putabat,
1093 2225 1213 2262 miror
1246 2238 1269 2263 a
1302 2226 1401 2263 Bek-

206 2289 304 2329 kero
331 2289 422 2343 sine,
439 2291 663 2344 suspicione
690 2297 852 2344 recepta
880 2304 970 2330 esse.
1017 2292 1175 2342 Quanto
1204 2291 1357 2330 felicius
1381 2305 1402 2330 e
