1572 2801
759 345 849 388 147

200 477 336 516 matici
366 477 415 514 ad
443 477 659 528 vesparum
686 489 740 514 vs.
774 478 889 516 1272.
909 509 911 511 .
931 476 1153 531 Ἡλιόδωρος.
1185 476 1295 516 Μετὰ
1327 475 1383 515 τὸν

199 544 307 597 ςίχον
332 543 386 583 τὸν
416 542 689 596 »γλωττοποιεῖν
718 543 764 588 εἷς
793 543 842 583 τὰ
874 542 1001 598 πορνεῖ’
1034 541 1164 582 εἰσιόνθ’
1195 542 1376 587 ends-61¹?

199 612 266 651 εἰσί
294 614 389 651 τόποι
416 612 509 651 ἑπτὰ
536 614 673 663 ἔχοντες
697 615 847 663 ςιγμοὶς.
869 632 922 640 -—-
939 631 993 639 —-·
1010 632 1064 641 -·
1082 611 1130 649 τά
1159 607 1201 648 δὲ
1231 614 1379 649 τοιαῦτα

203 677 372 724 πολλάκις
413 678 505 717 εἷπον
544 680 596 717 ὅτι
634 676 883 730 ὑπολαμβάνω
932 676 975 716 ἐν
1019 678 1121 721 τοῖς
1173 678 1376 730 πρώτοις

200 747 515 800 ἀντιγράφοις
550 745 733 800 φθαρέντα
767 747 819 783 ὅτι
849 745 911 797 μὲν
942 747 1099 784 τοσαῦτα
1131 742 1171 787 ἦν
1200 744 1256 784 τόν
1296 745 1378 800 ἀρι-

198 810 283 863 θμὸν
307 812 512 863 γνωσθῆναι
534 811 572 849 οὐ
592 812 660 862 μὴν
686 810 779 849 τίνας
809 811 901 848 item
928 811 1002 847 alia
1029 810 1098 848 sed
1122 816 1309 861 corrupta
1339 817 1379 848 et

197 877 353 920 mutila,
390 889 510 927 quam
538 876 579 913 in
613 875 751 913 codice
786 875 936 914 Veneto
967 875 1042 927 legi
1074 875 1129 913 sic
1166 876 1378 927 scriptam:

202 945 326 996 ἕςρεφε
359 942 417 980 τὸν
446 941 546 992 λόγον
573 942 665 993 μετὰ
692 943 793 979 τοῦτο
823 939 1021 993 διάλειμμα
1049 942 1165 992 ςίχων
1184 942 1380 986 dmg-arou

198 1009 283 1047 εἶναι
311 1010 380 1046 τῶν
411 1002 564 1051 πλείς-ων
589 1002 631 1044 δὲ
655 1001 750 1061 εὖρον
776 1003 922 1044 ἕνδεκαε
948 1026 1000 1034 -
1021 1005 1155 1051 ἄλλωςε
1185 1008 1381 1063 ἀρίγνωτον

198 1089 322 1128 τούτου
352 1087 424 1140 γὰρ
457 1080 607 1140 ἀδελφὸς
638 1082 837 1140 ἀριφροὲδης
868 1083 928 1123 κτὲ
965 1090 1003 1121 et
1032 1086 1129 1124 alia:
1168 1087 1308 1144 φέρεται
1341 1064 1381 1135 ἐξ

201 1166 270 1212 ἑνὸς
304 1165 364 1205 καὶ
390 1165 508 1219 τρίτου
537 1163 600 1216 ὁμο
625 1162 631 1216 [
654 1154 898 1219 σουπβπίπτει.
939 1168 999 1229 τοῦ
1034 1164 1076 1205 δὲ
1103 1165 1263 1207 ἐκάκισεν
1293 1172 1378 1208 ἔκνι-

198 1260 259 1285 σεν
280 1244 414 1290 ἄδηλον
435 1242 478 1282 δὲ
501 1245 645 1296 πότερον
676 1248 739 1287 τῆς
764 1233 942 1296 καλλιςρᾶ
979 1244 1053 1283 κτὲ.
1095 1245 1225 1282 Facile
1247 1252 1303 1283 est
1328 1247 1382 1284 ad

196 1311 493 1363 intelligendum
521 1322 652 1347 veram
676 1321 757 1345 esse
783 1309 885 1346 illius
913 1309 1122 1356 rationem,
1154 1312 1226 1362 qui
1252 1313 1379 1351 unde-

196 1379 274 1416 cim
314 1389 444 1415 versus
480 1372 690 1412 desiderari
728 1374 882 1412 scribit:
921 1375 1083 1427 stropha
1117 1377 1381 1424 nunc-habet

194 1457 326 1484 versus
343 1443 610 1495 undeviginti,
640 1442 884 1494 antistropha
906 1449 1013 1481 octo.
1055 1443 1181 1482 Probe
1203 1445 1380 1485 animad-

195 1510 426 1550 vertendum
454 1509 566 1561 quod
588 1510 630 1547 in
657 1509 783 1559 primo
809 1509 958 1546 scholio
986 1510 1149 1561 legitur:
1186 1510 1253 1550 εἰσί
1279 1514 1375 1552 τόποι

193 1577 287 1617 ἑπτὰ
318 1578 456 1629 ἔχοντες
490 1576 623 1629 ς-ιγμὰς
650 1573 727 1614 καὶ
763 1574 972 1628 ἀλόγως,
1010 1573 1066 1616 ὧν
1101 1576 1148 1616 ἐκ
1184 1580 1373 1633 προχεί-

193 1659 273 1699 ρου
315 1643 395 1696 μὲν
432 1641 585 1696 εὑρεῖν
632 1642 708 1680 τὸν
751 1640 888 1694 λόγον
932 1642 1013 1681 οὐκ
1058 1645 1184 1695 &Tg-w,
1232 1658 1375 1698 nempe

192 1710 285 1749 alibi
315 1707 578 1748 coniectando
610 1706 727 1744 facile
766 1706 1041 1759 excogitabant
1073 1708 1172 1759 quid
1208 1710 1375 1749 excidis-

188 1783 270 1822 set,
301 1775 379 1812 hoc
408 1775 495 1810 loco
529 1773 626 1824 quid
661 1773 754 1810 olim
781 1774 970 1823 scriptum
1000 1774 1116 1811 fuerit
1149 1787 1229 1813 non
1262 1784 1372 1828 pote-

188 1848 275 1881 rant
310 1840 349 1880 ἐκ
388 1840 573 1895 προχείρου
609 1839 799 1890 reperire:
842 1838 983 1876 deinde
1021 1840 1285 1892 gravissimum
1315 1850 1372 1882 est

188 1909 300 1961 quod
327 1907 526 1956 subiungit
549 1919 588 1944 se
615 1907 719 1944 alibi
743 1919 864 1959 saepe
892 1906 1084 1944 monuisse
1108 1909 1300 1947 nonnulla
1323 1911 1370 1948 in

180 1975 335 2028 primis
355 1972 575 2017 codicibus,
601 1972 629 2009 i.
644 1985 680 2009 e.
694 1972 735 2010 in
756 1972 1048 2023 antiquissimis,
1076 1973 1221 2024 quibus
1243 1988 1369 2027 gram-

185 2043 319 2081 matici
354 2040 606 2078 Alexandrini
634 2039 691 2076 usi
723 2039 817 2084 sint,
857 2039 972 2076 fuisse
1007 2046 1215 2091 corrupta:
1254 2042 1368 2080 cuius

181 2109 237 2156 rei
263 2120 459 2159 nusquam
479 2111 630 2144 exstant
656 2105 731 2144 alia
750 2105 859 2156 apud
873 2104 1173 2156 Aristophanem
1196 2106 1362 2156 indicia,

183 2188 267 2226 quo
287 2174 480 2213 cautiores
502 2185 573 2209 nos
598 2184 677 2209 esse
697 2178 851 2222 oportet
865 2172 905 2209 in
922 2171 980 2209 hi's
1000 2172 1067 2209 ubi
1091 2185 1136 2210 ea
1155 2173 1360 2225 leguntur,

181 2253 286 2291 quae
316 2238 577 2289 Aristophane
606 2244 643 2275 et
670 2238 809 2276 Atticis
835 2237 996 2290 indigna
1032 2250 1112 2275 esse
1137 2240 1229 2276 satis
1265 2252 1362 2279 con-

178 2304 269 2342 stat.
310 2305 430 2344 Aliud
455 2300 611 2356 ineptae
642 2304 953 2355 interpolationis
984 2305 1206 2356 exemplum
1237 2305 1362 2346 habe·

177 2382 264 2407 mus
297 2372 339 2409 in
373 2372 573 2410 Aeschinis
611 2359 785 2408 oratione
823 2371 864 2408 in
901 2368 1192 2421 Ctesiphontem
1224 2386 1267 2424 p.
1296 2374 1360 2415 77.

178 2438 243 2493 ἔφη
270 2437 486 2493 παρελθών·
515 2437 803 2496 ἀμπελουργοῦσί
819 2451 903 2483 τινες
930 2438 994 2480 τὴν
1016 2436 1109 2478 πόλιν
1132 2437 1357 2493 [ἀνατετμή-
