1572 2801
737 165 768 230 6

177 301 379 357 cuiusque
412 299 660 342 notationem
688 313 711 341 e
742 299 987 342 tenuissimis
1018 301 1195 357 vestigiis
1228 303 1342 360 inge-

175 375 289 417 niosa
314 372 561 414 divinatione
586 385 748 426 eruere,
779 371 821 414 id
845 385 940 414 vero
969 376 1011 414 et
1032 373 1338 429 periucundum

173 452 234 489 est
258 453 299 488 et
324 445 525 502 insignem
555 444 707 488 habere
736 450 872 502 potest
897 445 1130 488 utilitatem.
1166 445 1246 489 Sed
1269 461 1337 503 pe-

175 519 378 562 riculosae
409 519 580 576 plenum
602 532 689 561 esse
720 532 826 576 opus
856 518 968 561 aleae
998 518 1221 561 ostendunt
1251 518 1338 576 ple·

173 592 291 649 rique
323 604 488 644 omnes,
518 591 590 647 qui
618 589 669 633 ad
693 590 800 633 hanc
825 595 998 634 aetatem
1022 589 1252 633 incredibili
1277 592 1343 633 in-

170 664 328 707 dustria
367 669 409 707 et
445 664 634 707 acumine
674 664 716 705 in
754 664 834 707 hoc
868 678 1015 720 genere
1054 663 1335 707 elaborarunt.

169 734 403 795 'Sophistica
445 731 660 780 ostentatio
695 742 737 779 et
767 736 917 780 futiles
944 737 1233 780 hariolationes
1264 752 1333 780 an·

171 811 430 866 tiquiorum,
481 809 553 865 qui
606 808 726 850 nullo
766 808 902 850 stabili
944 808 1212 852 fundamento
1250 809 1349 851 nixi.

170 881 377 940 quidquid
428 880 555 923 feraci
591 869 755 937 ingenio
800 879 1043 923 occurrebat
1077 886 1228 924 temere
1263 895 1335 924 ar·-

169 961 337 1013 reptum
380 968 458 1012 pro
500 953 623 994 certis
660 952 871 1010 ponebant
917 968 1051 1011 neque
1096 955 1202 997 inter
1246 969 1333 999 sese

170 1041 370 1085 umquam
406 1039 542 1082 neque
586 1023 749 1068 sibimet
781 1027 880 1084 ipsis
905 1026 1203 1069 consentientes
1230 1026 1331 1069 infa-

168 1116 276 1144 mem
297 1099 459 1142 dudum
483 1098 589 1141 hanc
614 1113 779 1156 operam
802 1099 1140 1157 prudentioribus
1163 1105 1204 1142 et
1224 1105 1336 1142 certa

168 1170 465 1230 quaerentibus
490 1170 783 1224 reddiderunt3
811 1176 853 1214 et
879 1171 1065 1229 profiecto
1094 1171 1336 1215 incredibile

168 1246 284 1288 dictu
319 1249 400 1297 est,
443 1258 569 1300 quam
601 1243 767 1300 putidas
794 1250 835 1286 et
866 1245 1028 1287 insanas
1063 1244 1334 1287 derivationes

168 1319 236 1361 isti
276 1316 545 1373 protulerint,
588 1317 684 1373 qui,
725 1322 771 1358 ut
809 1317 945 1374 lepide
980 1318 1129 1374 aliquis
1162 1322 1204 1359 et
1239 1332 1334 1361 vere

165 1391 286 1445 dixit,
315 1391 358 1432 in
384 1390 639 1448 Etymologia
664 1391 868 1434 vocalium
888 1391 1070 1446 nullam,
1101 1405 1331 1434 consonan-

167 1467 271 1509 tium
300 1464 562 1522 perexiguam
598 1464 795 1506 rationem
822 1464 1052 1507 habendam
1080 1478 1167 1507 esse
1202 1465 1334 1507 credi-

166 1539 275 1581 disse
315 1536 519 1578 videntur.
579 1535 658 1577 Ista
697 1536 937 1593 opinionum
975 1542 1205 1578 commenta
1247 1537 1333 1580 dies

168 1609 320 1652 delevit
349 1608 534 1649 deletura
575 1607 720 1648 similia
752 1610 911 1663 omnia,
949 1623 1054 1665 quae
1094 1623 1178 1665 non
1208 1613 1334 1653 ratio-

169 1697 272 1726 num
291 1681 510 1723 momentis
532 1686 726 1737 certaque
745 1681 930 1737 analogia
949 1682 1148 1724 nitantur.
1176 1682 1334 1740 Nempe

169 1755 268 1798 huic
309 1754 403 1807 uni,
450 1752 677 1808 analogiam
709 1752 802 1794 dico
839 1754 1041 1795 constanti
1083 1753 1334 1811 scriptorum

169 1842 250 1872 usu
282 1826 588 1877 confirmatam,
620 1821 722 1867 suus
753 1839 916 1882 semper
940 1825 1144 1867 constabit
1168 1840 1268 1867 usus
1293 1832 1334 1868 et

168 1902 367 1960 pretium:
412 1898 511 1941 huic
555 1898 689 1940 danda
733 1904 795 1940 est
841 1913 990 1956 opera,
1032 1905 1078 1940 ut
1118 1899 1339 1942 immensas

169 1975 350 2016 Graecae
391 1971 555 2027 linguae
595 1971 733 2027 copias
775 1970 886 2013 fideli
925 1972 1120 2013 memoria
1161 1972 1336 2015 retinere

169 2052 211 2089 et
243 2045 386 2089 ordine
414 2044 638 2101 explicatas
666 2044 941 2101 contemplari>
967 2045 1191 2102 possimus,
1237 2044 1336 2087 huic

168 2125 279 2162 recte
310 2117 613 2175 superstruitur
642 2116 808 2172 linguae
838 2116 1092 2171 aedificium,
1124 2117 1237 2174 quod
1262 2131 1333 2160 no·

168 2205 238 2233 vas
283 2205 447 2249 semper
493 2194 535 2232 et
580 2187 810 2230 reconditas
833 2188 1015 2231 -divitias
1060 2188 1340 2232 reserantibus

167 2270 391 2321 expromet.
434 2264 523 2307 Non
552 2264 784 2321 spernimus
808 2277 941 2319 neque
971 2264 1086 2320 parvi
1113 2261 1337 2320 pendimus
