1572 2801
773 164 832 207 52

227 297 517 350 reverentiam,
550 295 758 339 ardentem
795 297 1008 340 literarum
1044 312 1224 341 amorem
1254 301 1387 343 studi-

204 407 208 411 .
229 382 384 424 umque
406 367 458 410 de
477 367 554 411 hac
569 368 785 411 Academia
798 402 810 424 ,
843 370 894 413 de
914 370 977 413 his
996 372 1214 416 iuvenibus
1232 374 1386 432 optime

228 440 411 483 merendi
439 441 720 485 desiderabitis
751 458 993 501 numquam.

1393 353 1406 370 0

287 658 398 711 Quid
423 657 524 699 mihi
551 660 675 701 animi
697 674 783 703 esse
809 663 1034 714 censeatis,
1057 661 1132 703 viri
1158 661 1389 713 clarissimi,

231 745 336 787 quos
357 736 450 773 ante
474 730 551 772 hos
581 746 736 788 paucos
767 747 896 776 annos
926 734 1156 792 discipulus
1186 734 1393 791 suspicere

228 809 270 846 et
303 804 477 846 revereri
509 804 655 847 solitus
677 821 789 849 nunc
815 806 927 849 dulci
949 808 1202 864 collegarum
1227 807 1393 849 nomine

226 890 397 934 possum
433 875 624 919 salutare.

292 950 434 1005 Neque
475 954 611 991 tamen
648 956 864 1007 propterea
901 957 972 994 aut
1014 953 1095 994 Vos
1135 951 1282 993 mutati
1321 955 1394 993 aut

230 1023 316 1079 ipse
348 1021 447 1062 mihi
471 1036 555 1063 non
573 1014 691 1064 'idem
724 1025 795 1079 qui
821 1029 937 1067 antea
967 1024 1107 1067 videor
1140 1038 1239 1067 esse.
1292 1024 1396 1066 Nam

231 1109 459 1151 numquam
486 1095 586 1137 mihi
610 1098 761 1139 morosi
789 1102 861 1140 aut
887 1099 1013 1140 severi
1035 1098 1216 1153 magistri
1241 1097 1392 1151 fuistis,

238 1168 308 1210 sed
348 1183 394 1210 ea
426 1182 588 1225 semper
618 1176 750 1212 vestra
787 1170 866 1212 fuit
894 1186 989 1227 erga
1020 1185 1085 1213 me
1115 1169 1396 1212 benevolentia

238 1246 279 1284 et
325 1240 572 1297 benignitas,
620 1247 667 1284 ut
710 1242 852 1285 multis
887 1252 1026 1299 'prope
1071 1244 1112 1284 in
1153 1242 1271 1283 amici
1303 1242 1396 1284 loco

235 1327 375 1355 essem.
438 1314 582 1369 Itaque
612 1314 692 1356 hoc
722 1319 810 1355 erat
838 1315 879 1355 in
917 1316 1039 1366 votis,
1071 1314 1184 1370 quod
1213 1328 1324 1356 nunc
1354 1314 1397 1356 in

235 1387 410 1429 maxima
449 1385 652 1428 felicitatis
690 1400 803 1428 meae
844 1393 960 1442 parte
996 1400 1127 1443 pouO,
1170 1391 1218 1428 ut
1248 1387 1290 1428 in
1321 1386 1399 1429 hac

240 1460 479 1513 Academia,
512 1459 554 1501 id
578 1465 638 1500 est
659 1459 904 1513 Vobiscum,
936 1460 1071 1501 vivere
1096 1458 1195 1500 mihi
1220 1458 1399 1502 daretur.

238 1534 395 1590 Nempe
424 1533 479 1574 ita
508 1532 608 1573 mihi
639 1532 814 1572 maxime
841 1536 882 1572 et
910 1531 989 1572 vita
1019 1531 1154 1572 suavis
1182 1535 1222 1571 et
1248 1531 1400 1573 studio-

238 1619 331 1646 rum
375 1604 536 1644 fructus
578 1602 723 1643 uberes
765 1602 853 1644 fore
898 1601 1161 1656 videbantur,
1199 1603 1233 1643 si
1267 1604 1401 1646 vivere

239 1691 399 1734 possem
433 1676 607 1728 Tecum,
648 1675 802 1730 optime
838 1673 967 1727 ΒΑΚΕ,
1006 1689 1127 1730 quem
1163 1677 1305 1729 quanti
1337 1676 1403 1718 fa-

243 1751 369 1803 ciam,
400 1754 552 1804 quanta
576 1749 726 1805 pietate
761 1753 802 1788 et
839 1747 1006 1788 caritate
1032 1760 1279 1804 prosequar,
1321 1749 1404 1789 uti-

240 1838 336 1865 nam
361 1824 416 1864 ita
443 1823 576 1864 dicere
602 1822 775 1863 valerem
791 1853 802 1874 ,
836 1827 882 1861 ut
904 1821 966 1862 Tu
999 1820 1048 1862 de
1077 1836 1142 1863 me
1168 1823 1338 1864 meritus
1361 1837 1404 1865 es

239 1902 281 1939 et
319 1896 440 1938 sentit
462 1896 503 1937 in
531 1899 696 1952 pectore
727 1894 900 1935 animus.
962 1892 1052 1935 Non
1081 1899 1142 1934 est
1170 1909 1281 1938 meae
1309 1909 1407 1938 mo—

243 1970 395 2012 destiae
426 1969 535 2011 Tuas
583 1966 725 2008 laudes
764 1965 998 2022 praedicare
1028 1965 1097 2007 sed
1126 1966 1240 2008 iuvat
1266 1967 1404 2023 palam

243 2043 311 2084 hic
336 2041 518 2099 profiteri
544 2053 685 2097 posse,
711 2037 908 2094 gratulari
939 2052 1005 2080 me
1030 2038 1151 2093 mihi,
1183 2040 1255 2095 qui
1279 2039 1403 2082 talem

245 2116 443 2167 amicum,
474 2113 597 2155 talem
620 2112 850 2153 studiorum
872 2111 1019 2153 ducem
1045 2118 1086 2153 et
1108 2112 1405 2155 moderatorem

243 2187 478 2230 habuerim:
492 2185 706 2227 habuerim
729 2185 986 2228 vero—imo
1003 2184 1174 2227 habeam
1192 2190 1233 2227 et
1250 2184 1406 2227 utinam

248 2261 321 2303 diu
359 2261 436 2302 sim
475 2258 712 2301 habiturus!
761 2274 856 2300 nam
904 2274 1016 2301 nunc
1054 2259 1325 2301 cummaxime
1355 2258 1408 2300 ad
