1572 2801
723 216 811 260 146

178 353 246 386 aut
271 347 394 385 simile
427 348 549 399 quid:
579 348 693 400 quod
727 360 836 386 nunc
873 348 1015 400 legitur
1045 348 1260 389 absurdum
1292 357 1363 389 est.

178 414 260 451 Nec
286 415 414 451 minus
441 414 578 452 vitiosa
609 420 699 451 sunt
726 425 832 465 quae
856 413 1042 466 leguntur
1071 427 1127 454 vs.
1148 414 1245 463 386,
1271 429 1363 470 sqq.

175 479 257 519 403
278 494 368 533 sqq.
393 480 486 520 415.
531 480 692 521 Constat
713 486 844 519 autem
868 481 1156 533 antiquissimos
1182 483 1359 531 codices,

176 547 248 597 qui
275 546 553 587 Alexandriam
586 555 789 600 tamquam
817 549 858 586 in
884 554 1043 601 portum
1077 555 1361 601 pervenerunt,

175 618 214 649 et
247 612 352 664 ipsos
389 614 467 652 iam
499 615 601 653 male
641 612 797 653 habitos
828 614 943 652 fuisse
974 620 1012 652 et
1045 615 1196 653 lacunis
1223 615 1363 654 hiasse.

176 675 224 715 In
251 677 327 716 hac
354 679 439 729 ipsa
468 679 602 718 fabula
625 692 681 718 vs.
710 679 813 718 1842
839 685 1013 731 superest
1041 681 1083 719 in
1108 681 1264 719 scholiis
1286 695 1364 720 me-

174 744 300 781 moria
327 745 516 791 lacunae,
548 756 670 797 quam
706 745 987 797 Aristophanes
1008 744 1248 797 Byzantinus
1273 761 1364 801 sup-

173 809 361 860 pleverit:
389 810 482 863 μετὰ
506 814 628 850 τοῦτον
659 809 729 856 ἑνὸς
749 811 858 863 ςίχου
888 812 1036 867 φέρουσί
1057 827 1142 860 τινες
1163 813 1361 868 διάλειμμα

176 875 237 914 καὶ
264 876 519 933 Ἀρις-οφοὶνους
548 880 724 936 πλήρωμα
751 881 884 924 οὕτως·

385 943 456 999 ἐρῶ
482 944 521 984 δ’
547 943 618 998 ἐγώ
646 960 679 984 τι
709 949 781 984 τῶν
807 944 842 984 ἐν
869 947 994 999 ὄρνισιν
1020 947 1148 1000 νόμων.

172 1008 407 1048 Adscribam
430 1012 581 1058 locum,
613 1012 709 1064 quia
731 1012 862 1050 facere
891 1018 1019 1064 potest
1042 1012 1094 1052 ad
1114 1014 1363 1056 liberandum

168 1078 332 1125 poetam
359 1077 551 1116 simillima
580 1078 904 1130 interpolatione:

338 1142 419 1180 Οὐκ
447 1145 522 1186 ἔς-ιν
549 1142 651 1181 οὐδὲν
679 1145 741 1180 τοῦ
768 1143 944 1181 πέτεσθαι
972 1142 1196 1200 γλυκύτερον.

344 1207 431 1264 [ἐρῶ
459 1207 495 1248 δ’
522 1211 634 1264 ἔγωγε
662 1214 733 1249 τῶν
759 1209 794 1249 ἐν
821 1213 944 1266 ὄρνισιν
971 1210 1101 1262 νόμων]

338 1275 561 1329 ὀρνιθομανῶ
589 1275 662 1329 γὰρ
690 1272 751 1312 καὶ
779 1276 931 1326 πέτομαι
958 1274 1019 1314 καί
1043 1274 1214 1328 βούλομαι

341 1341 443 1380 οἰκεῖν
473 1339 557 1393 μεθ’
584 1338 683 1394 ὑμῶν
711 1340 914 1392 κάπιθυμῶ
940 1344 1012 1380 τῶν
1037 1343 1166 1394 νόμων.

176 1408 245 1446 ubi
276 1409 365 1459 quis
391 1420 471 1445 non
499 1407 613 1444 sentit
642 1405 950 1458 expungendum
976 1407 1246 1459 importunum
1285 1419 1367 1446 ver-

178 1487 285 1521 sum,
319 1486 438 1526 quem
466 1473 751 1512 Grammaticus
781 1471 976 1512 addidisse
999 1473 1211 1513 narratur?
1251 1473 1367 1513 Com—

179 1541 389 1593 ponendus
414 1552 522 1577 nunc
557 1552 648 1577 cum
675 1540 720 1576 iis
753 1545 809 1576 est
840 1539 953 1576 locus
979 1539 1020 1576 iu
1045 1539 1281 1590 Thesmoph.
1309 1550 1363 1578 vs.

169 1605 260 1644 '574
282 1616 372 1656 sqq.

287 1669 389 1726 φίλαι
416 1670 602 1723 γυναῖκες,
631 1668 810 1723 ξυγγενεῖς
838 1670 970 1722 τούμοῦ
994 1671 1123 1725 τρόπου
1133 1702 1150 1721 ,

294 1738 362 1789 [ὅτι
389 1738 452 1790 μὲν
479 1737 581 1793 φίλος
608 1735 675 1790 εἶμ’
703 1735 784 1790 ὑμῖν
812 1736 976 1783 ἐπίδηλος
1002 1739 1080 1783 ταῖς
1106 1735 1289 1789 γνάθοις]

290 1808 536 1859 γυναικομανῶ
563 1804 640 1859 γὰρ
667 1802 827 1860 προξενῶ
851 1801 893 1843 θ’
920 1803 1018 1856 ὑμῶν
1042 1804 1112 1843 ἀεί.

181 1878 346 1924 apparet
376 1883 527 1917 versum
554 1868 794 1915 secundum,
825 1871 866 1908 in
901 1881 985 1922 quo
1015 1870 1115 1908 dura
1147 1874 1203 1906 est
1229 1867 1368 1907 verbo-

181 1952 271 1977 rum
293 1937 546 1990 compositio,
571 1937 750 1975 insuaves
774 1938 944 1983 numeri,
971 1946 1260 1989 supervacuum
1285 1936 1369 1988 μέν,

182 2004 374 2042 sententia
402 2002 452 2041 ab
489 2002 568 2040 hoc
603 2003 695 2040 loco
731 2001 880 2049 aliena,
911 2014 1037 2054 quum
1072 2007 1196 2040 recte-
1216 2002 1369 2055 legatur

180 2071 222 2110 in
249 2082 339 2123 sqq.

293 2137 334 2176 τί
354 2135 391 2175 δ’
418 2137 519 2187 ἕςιυ,
545 2133 575 2174 ὦ
601 2138 694 2187 mci,-
726 2136 845 2175 παῖδα
873 2138 950 2190 γάρ
976 2135 1008 2173 σ’
1036 2133 1120 2179 εἰκὸς
1148 2132 1289 2184 καλεῖν,

293 2205 357 2247 ἕως
384 2203 429 2241 ἂν
456 2204 545 2241 οὕτω
574 2203 640 2247 τὰς
668 2203 827 2255 γνάθους
855 2200 966 2255 ψιλὰς
993 2203 1094 2254 ἔχῃς.

183 2283 264 2309 esse
292 2270 621 2323 expungendum,
653 2263 735 2321 quo
759 2269 872 2306 facto·
891 2269 1136 2307 concinnitas
1160 2265 1237 2303 loci
1264 2266 1373 2303 resti-

184 2337 319 2375 tuitur.
357 2335 617 2375 Memorabilis
636 2336 753 2374 etiam
772 2340 827 2373 est
849 2334 1052 2373 annotatio
1075 2333 1225 2384 antiqui
1249 2345 1373 2384 gram-
