1572 2801
709 216 797 258 109

501 353 654 411 σανέξω
677 353 867 415 πατριδοσ
885 350 1009 413 οἷρχαι

501 450 532 476 ω
540 449 561 477 ν
569 450 594 484 η
605 448 626 477 ν
635 442 646 454 ·
680 433 703 475 ἑ
728 425 766 474 δ’
791 425 1013 488 οἷνηρπρογέ

503 507 749 553 νωνειδωσ
781 502 1015 556 εκνεότητοσ

504 588 563 629 αεὶ
579 584 1017 642 ξενοισινομιλεῖνξεῖνοσ

505 657 1017 720 μιμνερμουδεισεποσα

504 752 530 779 κ
556 751 686 779 ονιων.

174 809 328 848 Addam
355 753 775 857 alterumpexemplum
805 816 887 842 non
924 804 1052 841 minus
1090 803 1348 843 luculentum.

174 889 215 926 p.
237 872 313 912 301
346 873 389 911 d.
416 873 457 910 in
481 873 571 909 loco
595 870 834 908 Archestrati
858 869 999 920 legitur
1023 869 1065 905 in
1091 868 1250 911 codice:

513 943 583 985 καὶ
601 940 975 1001 λεβιανλαβεῖνοσχε

511 1018 729 1068 τονῆπατον

178 1092 485 1134 Valckenaerius
511 1097 549 1130 et
575 1089 884 1130 Hemsterhusius
917 1101 998 1127 rem
1035 1100 1111 1126 acu
1144 1088 1354 1141 tetigerunt

176 1157 403 1195 scribendo:
447 1157 507 1196 καὶ
542 1156 664 1207 λεβίαν
701 1155 821 1207 λαβὲ,
859 1156 1018 1206 Μόσχε,
1058 1154 1117 1192 τὸν
1148 1159 1283 1195 ἥπατον
1317 1161 1356 1192 et

176 1222 422 1260 manifestum
449 1228 505 1259 est
531 1222 572 1260 in
598 1227 749 1260 vetusto
775 1220 935 1265 codice,
966 1232 1086 1270 quem
1116 1218 1257 1271 stupor
1282 1220 1357 1257 ho-

176 1287 291 1324 minis
311 1286 570 1338 sequebatur,
593 1286 784 1336 scriptum
806 1286 939 1324 fuisse:
967 1284 1358 1326 KAIAEBIANAA-

179 1350 774 1391 BEMOCXETONHHATON.
805 1350 893 1388 vide
927 1363 1034 1388 nunc
1064 1351 1163 1401 quid
1190 1364 1359 1402 apogra-

180 1417 262 1469 pha
290 1417 480 1456 habeant:
519 1417 644 1470 λαβεῖν
672 1417 719 1462 ὡς
745 1415 805 1455 καὶ
833 1415 889 1456 τὸν
917 1421 1067 1459 ἥπατον.
1118 1416 1354 1463 Graeculus,

180 1483 250 1535 qui
274 1483 481 1534 Epitomen
505 1484 615 1528 fecit,
646 1483 696 1520 de
716 1495 824 1520 more
849 1483 1029 1521 omittens
1052 1495 1157 1534 quae
1175 1482 1359 1534 expedire

178 1560 259 1586 non
286 1554 441 1600 poterat
469 1548 597 1586 dedit:
636 1546 760 1598 λαβεῖν
786 1547 842 1587 τὸν
871 1553 1020 1591 ἥπατον.
1070 1547 1360 1600 Schweighau-

178 1625 284 1651 serus
305 1625 352 1650 ex
377 1613 517 1650 codice
540 1612 692 1652 Veneto
717 1614 899 1663 protulit:
929 1616 1075 1665 ὅσχετον
1094 1617 1246 1654 ἥπατον.
1290 1615 1360 1652 Ea-

181 1679 272 1717 dem
306 1678 542 1730 negligentia
577 1688 709 1715 omnes
744 1678 824 1715 fere
859 1678 1007 1715 codicis
1042 1679 1227 1717 lectiones
1256 1680 1358 1717 indi-

183 1750 335 1781 cantur.
379 1743 535 1780 Accidit
562 1748 692 1779 autem
719 1743 952 1794 plerumque
976 1750 1018 1781 ut
1041 1745 1157 1795 primi
1184 1744 1362 1782 Editores

181 1808 389 1847 inciderint
404 1808 444 1845 in
459 1806 652 1845 deteriora
680 1807 933 1859 apographa,
959 1820 1129 1859 quorum
1156 1808 1360 1862 archetypi

185 1873 343 1912 codices
381 1872 514 1911 adhuc
553 1871 776 1919 exstabant3
818 1872 877 1911 his
915 1874 1077 1925 repertis
1118 1874 1361 1913 abiiciendae

184 1943 295 1976 crant
320 1938 476 1974 illorum
510 1936 715 1981 lectionem
746 1949 847 1988 quas
878 1937 1033 1975 vitiosas
1055 1951 1134 1975 esse
1158 1940 1359 1991 apparuit,

183 2002 251 2044 sed
269 2001 463 2041 neminem
481 2000 614 2047 video,
631 2000 701 2052 qui
715 2000 793 2039 hoc
807 2001 939 2040 faciat.
967 2001 1178 2041 Ostendam
1194 2005 1361 2055 primum

187 2069 264 2107 alio
284 2069 481 2120 exemplo,
498 2080 581 2118 quo
601 2073 723 2119 paeto
745 2068 852 2105 nasci
872 2069 1020 2107 soleant
1043 2071 1151 2107 istae
1173 2072 1362 2107 variantes

185 2134 394 2180 lectiones,
424 2145 524 2185 quas
545 2132 693 2171 'nullius
718 2133 877 2171 omnino
902 2135 1016 2186 pretii
1043 2148 1122 2173 esse
1149 2135 1358 2174 contendo.

184 2200 250 2237 Est
269 2201 310 2238 in
328 2200 586 2237 Laurentiana
607 2197 852 2236 Bibliotheca
873 2200 999 2238 codex
1021 2201 1240 2245 1amblichi,
1263 2203 1363 2252 opti-

185 2276 272 2302 mae
297 2271 438 2311 notae,
479 2277 526 2304 ex
557 2277 641 2317 quo
668 2264 786 2304 etiam
819 2277 938 2320 supra
968 2266 1164 2319 quaedam
1191 2267 1358 2319 protuli:

186 2329 327 2381 reliqui
353 2343 488 2369 omnes
516 2330 721 2370 Iamblichi
755 2332 914 2371 codices
939 2345 986 2372 ex
1010 2333 1086 2370 hoc
1123 2343 1205 2371 uno
1234 2332 1362 2371 fluxe-
