1572 2801
712 242 799 286 150

193 375 306 414 nimis
331 375 401 413 diu
423 376 602 428 neglecta
630 389 758 428 nuper
785 374 967 413 Bekkero
994 375 1035 413 in
1061 374 1232 413 Homero
1257 375 1377 413 eden-

192 441 245 478 do
280 442 480 494 egregium
510 454 624 480 usum
658 441 959 494 praestiterunt,
998 446 1038 478 at
1070 440 1237 478 multum
1269 440 1378 479 abest

193 513 237 545 ut
264 509 394 546 omnia
423 509 655 547 exhauserit.
698 509 812 547 Iuvat
837 520 946 546 nunc
972 507 1138 545 formam
1167 506 1378 544 barbaram

193 585 240 610 ex
264 573 433 612 Homero
461 575 652 620 eximere,
682 586 787 625 quae
813 572 946 611 adhuc
970 572 1235 611 commaculat
1258 570 1378 623 Odys-

191 650 296 677 seam
323 640 369 678 Γ.
400 639 492 678 299.

509 706 607 761 ἀτὰρ
636 706 702 750 τὰς
730 705 830 744 πέντε
856 705 934 749 νέας
960 703 1256 758 κυανοπρωρείους

310 771 483 828 Αἰγύπτῳ
511 772 685 813 ἐπέλασσε
711 774 823 829 φέρων
849 772 971 823 ἄνεμός
996 786 1034 811 τε
1062 768 1122 810 καὶ
1148 768 1261 824 ὕδωρ.

190 837 482 894 Κυανοπρώρειος
514 841 617 877 enim
646 850 772 889 aeque
799 837 1012 875 barbarum
1044 842 1099 874 est
1128 841 1249 886 atque
1281 833 1374 876 πλη-

189 905 417 958 σιοχώρειος,
446 904 680 959 πολυώρειος,
707 904 926 947 ἀθανάτειος
956 908 993 940 et
1021 902 1171 940 similia.
1224 901 1378 940 Bonum

186 968 340 1006 factum
379 970 491 1020 quod
524 969 769 1006 Herodianus
803 980 935 1005 veram
975 967 1182 1003 lectionem
1212 965 1377 1002 servavit

184 1033 227 1070 in
253 1033 421 1084 Etymol.
453 1033 595 1085 Magno
623 1046 661 1071 v.
692 1036 846 1088 πρῷρα,
883 1030 946 1071 σὺν
973 1035 1024 1085 τῷ
1053 1046 1063 1069 ι
1086 1052 1139 1059 -
1167 1029 1292 1073 ἐπειδὴ
1317 1032 1375 1070 εὗ-

185 1113 291 1153 ρηται
322 1099 421 1138 κατὰ
464 1097 663 1149 cmg-aona,
703 1097 751 1143 ὡς
787 1098 890 1152 παρὰ
931 1101 981 1151 τῷ
1022 1101 1166 1147 ποιητῇ·
1213 1110 1376 1134 κυανο-

185 1165 441 1221 πρωΐρους.
485 1165 545 1205 καὶ
583 1166 685 1220 παρὰ
723 1163 918 1219 Σιμωνίδῃ”
959 1163 1230 1220 κυανοπρωΐραν
1265 1163 1375 1213 (fort.

186 1232 490 1288 κυανοπρωῖροῖν).
516 1232 608 1270 -ὁ
635 1230 676 1270 δὲ
703 1230 923 1286 Ἡρωδιανὸς
945 1229 1011 1269 διὰ
1039 1235 1101 1274 τῆς
1126 1244 1155 1267 ει
1180 1228 1375 1284 διφὲόγγου

188 1300 332 1353 γράφει.
377 1297 480 1334 Nihil
509 1297 656 1334 verius:
686 1309 767 1334 non
797 1302 852 1333 est
880 1296 956 1332 alia
983 1295 1109 1332 forma
1147 1294 1305 1333 Graecis
1335 1296 1376 1333 in

185 1377 259 1402 usu
287 1369 444 1415 praeter
469 1367 594 1418 πρῷρα
626 1368 663 1399 et
692 1363 910 1414 composita
933 1362 974 1399 in
998 1384 1049 1390 -—
1068 1376 1232 1418 πρῳρος,
1260 1368 1303 1399 ut
1335 1362 1377 1400 in

181 1431 382 1469 notissimo
426 1430 713 1481 Empedocleo:
756 1429 952 1485 ἀνδρογενῆ
994 1428 1189 1484 βούπρῳρα
1228 1427 1377 1483 βουγενῆ

186 1496 438 1552 ἀνδρόπρῳρα.
471 1496 548 1534 hoc
577 1495 722 1534 librarii
745 1496 885 1535 Graeci
913 1497 1034 1548 paulo
1062 1496 1297 1534 recentiores
1324 1496 1376 1534 ad

188 1577 312 1601 unum
354 1574 488 1599 omnes
524 1562 724 1606 nesciunt,
768 1560 913 1611 quibus
952 1561 1122 1598 solemne
1155 1568 1211 1599 est
1248 1564 1375 1618 πρώρα

186 1628 373 1667 scribere:
405 1628 648 1680 antiquiores
669 1631 811 1682 πρῶιρα
830 1633 867 1666 et
886 1628 1138 1684 καλλίπρωιρος
1158 1636 1266 1667 recte
1284 1631 1376 1668 scri-

188 1694 303 1732 bunt.
341 1695 510 1731 Homero
537 1705 702 1744 quoque
726 1694 971 1732 reddendum
994 1695 1148 1745 saepius
1173 1701 1229 1732 est
1256 1709 1376 1734 κυανο-

187 1762 341 1817 πρῴροιο
363 1760 450 1811 (nisi
478 1759 559 1796 illic
582 1771 746 1810 quoque
770 1759 862 1797 olim
885 1760 1159 1816 κυανοπρωείρου
1183 1760 1257 1798 fuit
1279 1760 1376 1798 scri-

189 1828 324 1879 ptum)
362 1828 402 1864 in
441 1826 639 1876 frequenti
676 1825 947 1881 ἀκροτελευτιῲ’
988 1826 1061 1871 νεὸς
1098 1828 1371 1880 κυανοπρώροιο.
1420 1877 1422 1879 v

191 1893 290 1931 Item
320 1892 458 1944 odyss.
486 1892 534 1930 M.
562 1891 656 1930 230.
693 1893 739 1939 εἰς
767 1891 803 1932 δ’
838 1894 931 1949 ἴκρια
958 1894 1035 1939 νηὸς
1068 1893 1203 1946 ἔβαινον
1228 1895 1378 1949 Πρώρης

193 1959 471 2011 corrigendum
491 1960 651 2012 πρῴρης.
696 1960 751 1997 De
773 1960 931 1998 Homeri
952 1960 1185 1998 lectionibus
1206 1960 1379 2010 antiquis

192 2026 337 2077 partim
364 2037 385 2062 e
413 2024 685 2063 Grammaticis
714 2026 859 2077 partim
885 2038 907 2063 e
935 2026 1044 2065 novis
1079 2025 1284 2064 codicibus
1321 2026 1378 2063 illi

191 2091 403 2131 reddendis
425 2091 520 2129 alias
543 2091 593 2129 de
610 2091 801 2129 industria
823 2104 951 2144 agam.
990 2092 1148 2131 Redibo
1171 2091 1223 2129 ad
1241 2092 1380 2129 Lucia-

192 2170 288 2195 num
316 2162 360 2194 ut
389 2169 436 2194 ex
462 2169 509 2194 eo
537 2157 742 2196 ostendam
769 2171 869 2210 quas
891 2158 1017 2197 varias
1042 2158 1228 2197 lectiones
1253 2157 1378 2195 multo

195 2222 334 2261 melius
348 2221 464 2260 abiici
480 2234 658 2261 censeam
681 2236 803 2274 quam
824 2236 966 2276 magna
981 2224 1181 2276 diligentia
1198 2223 1379 2274 conquiri

194 2295 233 2326 et
267 2288 481 2327 lectoribus
521 2290 683 2342 apponi.
738 2290 784 2329 In
821 2291 983 2329 Somnio
1018 2292 1096 2331 sive
1133 2290 1246 2329 Gallo
1280 2290 1380 2328 haec

196 2361 347 2407 prostat
372 2356 495 2395 futilis
524 2362 562 2394 et
596 2357 742 2395 inutilis
770 2358 947 2397 lectionis
972 2358 1245 2410 discrepantia.
1276 2357 1315 2408 ς.
1346 2357 1380 2394 l.
