1572 2801
787 207 845 251 12

269 340 377 385 Tum
391 354 486 384 vero
497 340 643 383 ardore
653 339 882 383 incredibili
894 354 1181 397 quaecumque
1190 333 1407 387 literarum

238 420 505 458 monumenta
540 414 754 456 hominum
789 414 947 455 incuria
983 418 1024 455 et
1054 412 1264 456 barbaries
1297 427 1403 456 non-

238 488 339 529 dum
361 486 596 528 deleverant
622 484 675 525 ab
697 485 864 527 interitu
885 484 1091 527 vindicare
1107 492 1148 527 et
1167 485 1219 527 ad
1238 486 1402 527 cultum

234 559 511 614 fructumque
551 558 656 598 vitae
696 556 888 598 adhibere
923 556 1135 611 omnihus,
1174 557 1247 613 qui
1275 570 1402 614 supra

192 681 211 692 Ἄ
242 632 392 688 vulgus
433 646 574 687 sapere
609 630 786 683 vellent,
827 635 869 672 et
909 630 1000 673 laus
1042 645 1202 672 summa
1242 635 1330 672 erat
1362 636 1405 671 et

238 705 599 749 oblectamentum.
646 702 942 746 Ardentissimo
974 704 1111 746 studio
1137 703 1288 746 eruditi
1316 717 1404 746 om-

240 793 313 821 nes
344 780 384 820 in
417 779 549 820 omnis
581 778 739 833 generis
767 777 1055 834 scriptoribus,
1088 778 1244 835 poe'tis,
1275 777 1405 819 histo-

241 853 357 906 ricis,
398 850 675 909 philosophis,
717 849 975 904 oratoribus,
1009 850 1222 907 sophistis,
1265 848 1404 891 rheto-

243 924 361 965 ribus
404 925 703 979 euiuscumque
743 925 885 965 aetatis
926 929 967 964 et
1012 924 1132 980 pretii
1173 923 1406 978 promiscue

243 995 561 1048 helluabantur,
591 1010 639 1037 ex
671 994 869 1051 indigesta
904 994 1079 1036 diffusae
1109 994 1295 1037 lectionis
1325 993 1411 1036 far-

245 1068 386 1124 ragine
404 1081 566 1109 omnem
589 1067 795 1108 humanae
814 1067 1058 1123 cognitionis
1082 1066 1251 1108 modum
1275 1073 1411 1109 mente

245 1153 289 1182 se
313 1138 603 1197 complexuros
626 1143 853 1195 sperantes:
879 1139 997 1181 euius
1019 1137 1229 1182 doctrinae
1253 1144 1302 1181 ut
1327 1138 1411 1181 do—

241 1218 440 1262 cumenta
470 1217 676 1254 exstarent
705 1211 829 1252 multi
868 1212 1084 1255 collectam
1116 1212 1302 1269 undique
1331 1228 1409 1255 ex-

245 1285 479 1344 plicationis
517 1289 559 1326 et
601 1284 875 1326 annotationis
905 1285 1116 1327 materiem
1143 1285 1229 1327 sine
1257 1284 1409 1327 iudicio

245 1374 324 1401 nec
377 1358 542 1400 delectu
588 1355 872 1398 effundebant.
942 1357 1075 1399 Simul
1115 1357 1411 1414 plerorumque

248 1434 405 1475 animos
441 1432 588 1473 invasit
634 1445 681 1472 ea
723 1430 898 1484 insania,
956 1435 1002 1472 ut
1054 1429 1257 1488 quidquid
1307 1435 1413 1473 esset

251 1506 466 1561 antiquum
498 1502 539 1543 id
565 1502 894 1559 pulcherrimum
930 1503 1052 1544 simul
1084 1511 1125 1545 et
1156 1504 1415 1559 elegantissi—

257 1592 373 1620 mum
401 1590 487 1618 esse
516 1589 594 1632 pro
630 1581 741 1616 certo
771 1580 990 1631 ponerent,
1022 1576 1250 1631 pernicioso
1279 1590 1417 1618 errore

252 1649 597 1707 praestantissima
623 1662 811 1704 quaeque
834 1662 929 1689 cum
948 1648 1190 1691 futilis-simis
1206 1655 1278 1692 aut
1294 1650 1416 1691 etiam

252 1723 476 1780 perineptis
521 1721 665 1764 eodem
706 1722 798 1764 loco
840 1723 1056 1780 pretioque
1102 1723 1321 1778 habentes,
1368 1738 1417 1766 ex

252 1810 335 1852 qua
364 1796 653 1851 superstitione
682 1795 760 1837 diei
791 1810 874 1837 non
901 1802 1035 1852 potest
1060 1811 1184 1853 quam
1214 1797 1417 1839 absurdae

254 1868 466 1924 opiniones
509 1867 561 1908 ad
602 1867 715 1909 hune
746 1867 853 1909 diem
891 1868 1141 1926 philologiae
1170 1870 1418 1913 inhaereant.

254 1938 430 1982 Maxime
460 1945 693 1981 nascentem
722 1941 1025 1982 Grammaticen
1050 1941 1151 1982 haec
1177 1941 1289 1984 labes
1316 1942 1421 1984 infe-

254 2014 334 2066 cit,
372 2026 503 2067 quum
527 2014 745 2055 commixta
771 2014 906 2055 omnia
937 2020 1072 2056 essent
1097 2020 1222 2071 atque
1247 2014 1419 2058 confusa

247 2092 298 2130 et
326 2086 539 2128 temeraria
579 2092 860 2129 correctorum
905 2087 1048 2130 levitas
1080 2088 1183 2130 nihil
1226 2102 1309 2130 non
1343 2088 1420 2129 sibi

208 2211 212 2214 ⁷
255 2162 299 2203 in
330 2165 527 2216 corrupta
571 2160 818 2217 exemplaria
852 2160 1010 2203 licitum
1051 2167 1227 2219 putaret.
1288 2162 1420 2217 Quid-

249 2233 318 2278 -vis
355 2247 433 2289 pro
460 2235 607 2289 quovis
639 2235 736 2290 poni
772 2248 891 2291 posse
926 2241 999 2277 aut
1029 2236 1312 2292 reponendum
1334 2250 1421 2279 esse

260 2303 399 2347 faciles
426 2304 648 2348 credebant
672 2305 911 2363 formaeque
933 2306 1161 2371 ‘verborum
1189 2314 1230 2351 et
1261 2307 1423 2366 signifi-
