1572 2801
767 198 819 241 71

198 333 442 383 διδάσκοντα
849 342 995 395 xpina-a
1031 332 1222 396 αἷσμοῖτων

319 408 593 468 σπουδάζοντα
608 411 702 473 πρὸς
720 412 870 465 ἐκείνας
893 415 974 473 περὶ
998 411 1142 472 μέλους
1160 414 1368 475 ἁρμονίας.

194 501 298 542 quae
324 500 438 527 nemo
463 489 659 533 restituet,
690 487 758 525 sed
782 487 901 524 satius
914 492 967 524 est
982 486 1106 525 multo
1129 488 1280 540 aliquid
1307 501 1378 527 nos

192 556 340 593 nescire
353 567 475 605 quam
489 567 511 592 a
526 554 721 591 Graeculo
736 553 867 604 decipi
882 558 919 590 et
938 553 1094 605 linguae
1110 554 1283 591 Graecae
1297 555 1375 593 sin·

198 622 397 660 ceritatem
424 619 696 658 contaminari.
735 619 996 657 Luculentum
1017 620 1238 671 exemplum
1257 620 1380 658 licen-

195 688 272 723 tiae
284 714 294 731 ,
321 698 444 735 quam
470 684 540 721 sibi
556 684 596 721 in
609 685 706 721 locis
720 683 861 721 hiulcis
875 690 942 721 aut
966 687 1161 736 corruptis
1175 685 1379 723 sumebant

193 750 397 796 Graeculi,
424 748 519 786 mihi
540 759 668 799 nuper
687 747 863 785 oblatum
878 748 982 786 estin
997 748 1129 786 fabula
1152 748 1347 787 Babriana
1360 777 1371 795 ‚

194 828 299 867 quae
325 827 460 852 recens
486 825 532 849 ex
560 812 690 849 Athoo
725 811 866 849 codice
902 812 1073 863 prodiit,
1117 813 1380 866 (quamquam

194 881 309 917 istum
336 878 478 916 librum
506 888 689 927 magnam
714 881 867 927 partem
894 888 915 913 a
941 877 1145 915 monachis
1167 892 1247 917 esse
1268 881 1381 918 inter-

195 948 374 1000 polatum
394 952 431 983 et
452 955 654 996 perpauca
675 943 893 989 continere,
925 957 1030 995 quae
1053 944 1103 982 ab
1124 945 1210 997 ipso
1234 945 1379 983 Babrio

194 1013 373 1065 profecta
406 1016 514 1056 sunt,
537 1010 641 1047 alias
665 1009 870 1047 ostendere
898 1010 1103 1057 conabor).
1146 1011 1264 1049 Poeta
1294 1014 1377 1064 ipse

194 1079 400 1150 scripserat
427 1078 467 1114 in
495 1075 627 1113 fabula
657 1075 722 1113 82.
753 1088 808 1112 vs.
835 1073 875 1113 8.
969 1068 973 1071 i

354 1144 493 1188 Χαιτην
520 1142 555 1182 δ’
582 1142 705 1195 ἔμελλε
734 1144 795 1184 τὴν
824 1141 911 1194 ἐμὴν
938 1144 1198 1195 καταισχύνειν.

192 1209 409 1247 monachus
433 1209 575 1258 aliquis
598 1208 638 1244 in
663 1213 814 1244 vetusto
837 1207 938 1243 libro
971 1208 1088 1258 longo
1113 1221 1184 1245 usu
1211 1215 1278 1247 aut
1304 1211 1378 1248 situ

195 1274 338 1312 detrito
374 1275 516 1325 reperit
552 1272 1131 1313 ΧΑῙΤΗΝΔΕΜΕΑΛΕΤΗΝ
1154 1303 1379 1315 .......

200 1367 562 1378 ..........
596 1338 746 1388 reliqua
782 1339 991 1376 oculorum
1018 1339 1141 1376 aciem
1172 1340 1372 1380 fallebant.

192 1406 328 1456 itaque
351 1404 444 1442 inde
471 1403 777 1455 pulcherrimum
806 1403 1073 1441 choliambum
1100 1406 1200 1443 eruit
1222 1413 1258 1443 et
1284 1420 1373 1459 sup-

193 1471 315 1522 plevit
343 1469 471 1506 hunc:

341 1536 455 1577 κακὴν
481 1533 524 1574 δὲ
551 1534 696 1587 μελέτην
722 1533 779 1573 ἐπ’
807 1533 869 1588 ἐμὲ
896 1539 958 1580 τῆς
985 1534 1069 1573 ὁδοῦ
1096 1536 1219 1592 τρίβει.

195 1601 303 1650 Quid
339 1601 619 1654 interpretibus
650 1601 829 1638 futurum
864 1600 1016 1646 fuisset,
1062 1603 1102 1639 ni
1141 1616 1230 1641 vera
1258 1603 1375 1642 lectio

193 1666 302 1717 apud
322 1666 483 1705 Suidam
499 1672 650 1705 servata
673 1666 875 1705 exstitisset
885 1666 904 1703 ’ἐ
936 1667 1081 1705 Similia
1107 1674 1237 1707 tamen
1251 1671 1374 1708 multa

193 1745 319 1784 aeque
346 1733 507 1772 licenter
533 1733 769 1785 interpolata
795 1739 833 1770 et
861 1739 1047 1784 corrupta
1076 1747 1201 1785 quum
1227 1736 1268 1772 in
1293 1737 1376 1773 aliis

192 1799 324 1836 multis
355 1805 437 1836 tum
464 1799 629 1835 maxime
655 1798 695 1834 in
726 1797 898 1849 Tragicis
929 1799 1055 1849 poetis
1093 1800 1276 1850 expedire
1313 1802 1375 1838 ni-

196 1866 315 1902 timur
350 1871 387 1902 et
418 1864 655 1902 medicinam
690 1863 856 1901 facimus
887 1866 1070 1910 mortuis,
1113 1865 1178 1902 ubi
1216 1866 1376 1904 fortasse

194 1942 269 1969 nec
300 1931 388 1969 vola
425 1943 500 1969 nec
533 1930 736 1982 vestigium
765 1937 940 1982 superest
978 1932 1165 1986 antiquae
1206 1933 1376 1984 scriptu-

195 2009 280 2042 rae,
325 2009 446 2047 quam
488 2009 583 2035 casu
623 1996 792 2034 deletam
845 1998 1081 2035 recentiores
1129 1997 1291 2044 Graeci,
1337 2005 1379 2036 ut

198 2063 369 2113 quisque
420 2062 728 2100 commodissime
770 2068 947 2113 poterat,
990 2065 1044 2101 ita
1090 2065 1166 2102 suis
1214 2066 1376 2103 inventis

198 2133 235 2164 et
281 2127 556 2166 additamentis
609 2128 865 2166 audacissime
915 2129 1166 2167 restituerunt
1215 2131 1374 2167 scilicet.

191 2191 352 2231 Praeter
392 2206 458 2232 eos
495 2194 624 2239 locos,
669 2193 737 2232 ubi
775 2199 944 2232 vetustas
979 2195 1177 2246 quaedam
1215 2195 1373 2240 arrosit,

196 2269 302 2307 quae
336 2265 473 2308 postea
509 2258 715 2296 infeliciter
748 2265 849 2296 sarta
883 2265 992 2304 sunt,
1033 2260 1096 2296 alii
1132 2264 1218 2295 sunt
1256 2272 1380 2309 quam

194 2321 352 2374 plurimi
375 2321 443 2360 ubi
467 2322 770 2362 describentium
794 2323 973 2363 socordia
994 2324 1087 2361 alias
1103 2335 1161 2361 res
1177 2325 1375 2376 agentium
