<?xml version="1.0" encoding="UTF-8"?>
<!DOCTYPE html PUBLIC "-//W3C//DTD XHTML 1.0 Transitional//EN"
    "http://www.w3.org/TR/xhtml1/DTD/xhtml1-transitional.dtd">
<html xmlns="http://www.w3.org/1999/xhtml" xml:lang="en" lang="en">
 <head>
  <title>
</title>
<meta http-equiv="Content-Type" content="text/html;charset=utf-8" />
  <meta name='ocr-system' content='tesseract 3.04.00' />
  <meta name='ocr-capabilities' content='ocr_page ocr_carea ocr_par ocr_line ocrx_word'/>
</head>
<body>
  <div class='ocr_page' id='page_1' title='image "4738083_0080.png"; bbox 0 0 1572 2801; ppageno 0'>
   <div class='ocr_carea' id='block_1_1' title="bbox 753 210 811 253">
    <p class='ocr_par' dir='ltr' id='par_1_1' title="bbox 753 210 811 253">
     <span class='ocr_line' id='line_1_1' title="bbox 753 210 811 253; baseline 0.017 -1"><span class='ocrx_word' id='word_1_1' title='bbox 753 210 811 253; x_wconf 86' lang='lat'><strong>66</strong></span> 
     </span>
    </p>
   </div>
   <div class='ocr_carea' id='block_1_2' title="bbox 196 340 1418 2375">
    <p class='ocr_par' dir='ltr' id='par_1_2' title="bbox 196 340 1394 463">
     <span class='ocr_line' id='line_1_2' title="bbox 199 340 1394 397; baseline 0.004 -16"><span class='ocrx_word' id='word_1_2' title='bbox 199 342 363 395; x_wconf 73' lang='grc' dir='ltr'>δαίμων,</span> <span class='ocrx_word' id='word_1_3' title='bbox 408 340 508 396; x_wconf 81' lang='grc' dir='ltr'>φησὶν</span> <span class='ocrx_word' id='word_1_4' title='bbox 516 372 533 392; x_wconf 86' lang='lat'><em>,</em></span> <span class='ocrx_word' id='word_1_5' title='bbox 571 341 589 379; x_wconf 87' lang='grc' dir='ltr'><strong><em>ὁ</em></strong></span> <span class='ocrx_word' id='word_1_6' title='bbox 621 340 746 393; x_wconf 84' lang='grc' dir='ltr'>λύχνος</span> <span class='ocrx_word' id='word_1_7' title='bbox 785 343 869 395; x_wconf 81' lang='grc' dir='ltr'>ἡμῖν</span> <span class='ocrx_word' id='word_1_8' title='bbox 907 344 1045 395; x_wconf 84' lang='grc' dir='ltr'>οἴχεται</span> <span class='ocrx_word' id='word_1_9' title='bbox 1057 376 1073 396; x_wconf 80' lang='lat'><em>,</em></span> <span class='ocrx_word' id='word_1_10' title='bbox 1103 347 1216 397; x_wconf 87' lang='lat' dir='ltr'><strong>quod</strong></span> <span class='ocrx_word' id='word_1_11' title='bbox 1251 348 1394 386; x_wconf 79' lang='lat' dir='ltr'><strong>evincit</strong></span> 
     </span>
     <span class='ocr_line' id='line_1_3' title="bbox 196 409 1255 463; baseline 0.007 -18"><span class='ocrx_word' id='word_1_12' title='bbox 196 409 270 445; x_wconf 87' lang='lat' dir='ltr'><strong>loci</strong></span> <span class='ocrx_word' id='word_1_13' title='bbox 299 409 486 446; x_wconf 85' lang='lat' dir='ltr'><strong>sententia</strong></span> <span class='ocrx_word' id='word_1_14' title='bbox 516 413 554 446; x_wconf 88' lang='lat' dir='ltr'><strong>et</strong></span> <span class='ocrx_word' id='word_1_15' title='bbox 581 410 731 460; x_wconf 87' lang='lat' dir='ltr'><strong>recepit</strong></span> <span class='ocrx_word' id='word_1_16' title='bbox 759 409 970 461; x_wconf 86' lang='lat' dir='ltr'><strong>Bergkius:</strong></span> <span class='ocrx_word' id='word_1_17' title='bbox 1000 412 1155 463; x_wconf 86' lang='lat' dir='ltr'><strong>reliqua</strong></span> <span class='ocrx_word' id='word_1_18' title='bbox 1178 414 1255 452; x_wconf 87' lang='lat' dir='ltr'><strong>sic:</strong></span> 
     </span>
    </p>

    <p class='ocr_par' dir='ltr' id='par_1_3' title="bbox 196 472 1393 986">
     <span class='ocr_line' id='line_1_4' title="bbox 259 472 1236 529; baseline 0.007 -19"><span class='ocrx_word' id='word_1_19' title='bbox 259 474 304 510; x_wconf 92' lang='lat' dir='ltr'><strong>B.</strong></span> <span class='ocrx_word' id='word_1_20' title='bbox 348 473 407 513; x_wconf 83' lang='grc' dir='ltr'><strong>καὶ</strong></span> <span class='ocrx_word' id='word_1_21' title='bbox 436 478 512 519; x_wconf 88' lang='grc' dir='ltr'><strong>πῶς</strong></span> <span class='ocrx_word' id='word_1_22' title='bbox 540 472 702 529; x_wconf 77' lang='grc' dir='ltr'>ὑπερβὰς</span> <span class='ocrx_word' id='word_1_23' title='bbox 731 473 788 514; x_wconf 86' lang='grc' dir='ltr'><strong>τὸν</strong></span> <span class='ocrx_word' id='word_1_24' title='bbox 815 473 1013 527; x_wconf 79' lang='grc' dir='ltr'>λυχνοῦχον</span> <span class='ocrx_word' id='word_1_25' title='bbox 1039 475 1144 516; x_wconf 76' lang='grc' dir='ltr'>ἔλαθέ</span> <span class='ocrx_word' id='word_1_26' title='bbox 1170 492 1210 517; x_wconf 89' lang='grc' dir='ltr'><strong>σε</strong></span> <span class='ocrx_word' id='word_1_27' title='bbox 1220 496 1236 529; x_wconf 88' lang='grc'><strong>,-</strong></span> 
     </span>
     <span class='ocr_line' id='line_1_5' title="bbox 203 540 1393 596; baseline 0.004 -18"><span class='ocrx_word' id='word_1_28' title='bbox 203 542 411 591; x_wconf 84' lang='lat' dir='ltr'><strong>expunctis</strong></span> <span class='ocrx_word' id='word_1_29' title='bbox 444 552 550 591; x_wconf 86' lang='lat' dir='ltr'><strong>quae</strong></span> <span class='ocrx_word' id='word_1_30' title='bbox 579 540 762 578; x_wconf 87' lang='lat' dir='ltr'><strong>librarius</strong></span> <span class='ocrx_word' id='word_1_31' title='bbox 789 546 931 578; x_wconf 81' lang='lat' dir='ltr'><strong>temere</strong></span> <span class='ocrx_word' id='word_1_32' title='bbox 957 543 1114 592; x_wconf 77' lang='lat' dir='ltr'><strong>repetiit</strong></span> <span class='ocrx_word' id='word_1_33' title='bbox 1141 555 1189 581; x_wconf 81' lang='lat' dir='ltr'><strong>ex</strong></span> <span class='ocrx_word' id='word_1_34' title='bbox 1216 546 1393 596; x_wconf 87' lang='lat' dir='ltr'><strong>superio-</strong></span> 
     </span>
     <span class='ocr_line' id='line_1_6' title="bbox 201 604 1391 661; baseline 0.003 -17"><span class='ocrx_word' id='word_1_35' title='bbox 201 607 330 644; x_wconf 85' lang='lat' dir='ltr'><strong>ribus:</strong></span> <span class='ocrx_word' id='word_1_36' title='bbox 370 607 506 658; x_wconf 85' lang='grc' dir='ltr'>οἵχεται</span> <span class='ocrx_word' id='word_1_37' title='bbox 535 605 596 644; x_wconf 80' lang='grc' dir='ltr'><strong>εἶτ’</strong></span> <span class='ocrx_word' id='word_1_38' title='bbox 625 604 771 661; x_wconf 80' lang='grc' dir='ltr'><em>ἐπιφέρει</em></span> <span class='ocrx_word' id='word_1_39' title='bbox 799 605 885 657; x_wconf 75' lang='grc' dir='ltr'><strong>καὶ,</strong></span> <span class='ocrx_word' id='word_1_40' title='bbox 913 618 1018 657; x_wconf 84' lang='lat' dir='ltr'><strong>quae</strong></span> <span class='ocrx_word' id='word_1_41' title='bbox 1053 607 1181 645; x_wconf 81' lang='lat' dir='ltr'><strong>noluit</strong></span> <span class='ocrx_word' id='word_1_42' title='bbox 1216 609 1297 659; x_wconf 86' lang='lat' dir='ltr'><strong>ipse</strong></span> <span class='ocrx_word' id='word_1_43' title='bbox 1324 623 1391 647; x_wconf 88' lang='lat' dir='ltr'><strong>ex-</strong></span> 
     </span>
     <span class='ocr_line' id='line_1_7' title="bbox 200 670 1391 725; baseline 0.003 -15"><span class='ocrx_word' id='word_1_44' title='bbox 200 685 377 725; x_wconf 84' lang='lat' dir='ltr'>pungere</span> <span class='ocrx_word' id='word_1_45' title='bbox 412 684 462 709; x_wconf 93' lang='lat' dir='ltr'><strong>ne</strong></span> <span class='ocrx_word' id='word_1_46' title='bbox 494 670 644 709; x_wconf 88' lang='lat' dir='ltr'><strong>codicis</strong></span> <span class='ocrx_word' id='word_1_47' title='bbox 667 671 862 722; x_wconf 81' lang='lat' dir='ltr'><strong>elegantia</strong></span> <span class='ocrx_word' id='word_1_48' title='bbox 887 671 1141 712; x_wconf 87' lang='lat' dir='ltr'><strong>minueretur.</strong></span> <span class='ocrx_word' id='word_1_49' title='bbox 1195 673 1305 713; x_wconf 88' lang='lat' dir='ltr'><strong>Idem</strong></span> <span class='ocrx_word' id='word_1_50' title='bbox 1331 676 1391 714; x_wconf 88' lang='lat' dir='ltr'><strong>in-</strong></span> 
     </span>
     <span class='ocr_line' id='line_1_8' title="bbox 200 737 1393 792; baseline 0.003 -17"><span class='ocrx_word' id='word_1_51' title='bbox 200 738 356 775; x_wconf 87' lang='lat' dir='ltr'><strong>terdum</strong></span> <span class='ocrx_word' id='word_1_52' title='bbox 384 749 533 775; x_wconf 87' lang='lat' dir='ltr'><strong>errores</strong></span> <span class='ocrx_word' id='word_1_53' title='bbox 566 749 657 775; x_wconf 83' lang='lat' dir='ltr'><strong>suos</strong></span> <span class='ocrx_word' id='word_1_54' title='bbox 685 737 835 774; x_wconf 83' lang='lat' dir='ltr'><strong>indicat</strong></span> <span class='ocrx_word' id='word_1_55' title='bbox 863 743 1016 787; x_wconf 83' lang='lat' dir='ltr'><strong>puncto</strong></span> <span class='ocrx_word' id='word_1_56' title='bbox 1051 741 1317 792; x_wconf 85' lang='lat' dir='ltr'><strong>superscripto</strong></span> <span class='ocrx_word' id='word_1_57' title='bbox 1347 742 1393 779; x_wconf 87' lang='lat' dir='ltr'><strong>iis</strong></span> 
     </span>
     <span class='ocr_line' id='line_1_9' title="bbox 196 802 1390 858; baseline 0.003 -17"><span class='ocrx_word' id='word_1_58' title='bbox 196 804 339 849; x_wconf 89' lang='lat' dir='ltr'><strong>literis,</strong></span> <span class='ocrx_word' id='word_1_59' title='bbox 371 816 472 855; x_wconf 85' lang='lat' dir='ltr'><strong>quas</strong></span> <span class='ocrx_word' id='word_1_60' title='bbox 497 803 670 855; x_wconf 83' lang='lat' dir='ltr'>expungi</span> <span class='ocrx_word' id='word_1_61' title='bbox 696 802 867 841; x_wconf 86' lang='lat' dir='ltr'><strong>volebat.</strong></span> <span class='ocrx_word' id='word_1_62' title='bbox 914 802 1035 842; x_wconf 87' lang='lat' dir='ltr'><strong>Nimis</strong></span> <span class='ocrx_word' id='word_1_63' title='bbox 1062 804 1132 844; x_wconf 89' lang='lat' dir='ltr'><strong>diu</strong></span> <span class='ocrx_word' id='word_1_64' title='bbox 1161 805 1274 844; x_wconf 77' lang='lat' dir='ltr'><strong>latuit</strong></span> <span class='ocrx_word' id='word_1_65' title='bbox 1300 820 1390 858; x_wconf 84' lang='lat' dir='ltr'><strong>gra-</strong></span> 
     </span>
     <span class='ocr_line' id='line_1_10' title="bbox 197 867 1389 922; baseline 0.003 -16"><span class='ocrx_word' id='word_1_66' title='bbox 197 869 394 907; x_wconf 89' lang='lat' dir='ltr'><strong>vissimum</strong></span> <span class='ocrx_word' id='word_1_67' title='bbox 422 869 559 906; x_wconf 88' lang='lat' dir='ltr'><strong>vitium</strong></span> <span class='ocrx_word' id='word_1_68' title='bbox 584 869 626 907; x_wconf 88' lang='lat' dir='ltr'><strong>in</strong></span> <span class='ocrx_word' id='word_1_69' title='bbox 655 869 874 919; x_wconf 84' lang='lat' dir='ltr'><strong>fragmento</strong></span> <span class='ocrx_word' id='word_1_70' title='bbox 902 867 1075 908; x_wconf 86' lang='lat' dir='ltr'><strong>Ararotis</strong></span> <span class='ocrx_word' id='word_1_71' title='bbox 1102 870 1212 922; x_wconf 78' lang='lat' dir='ltr'><strong>apud</strong></span> <span class='ocrx_word' id='word_1_72' title='bbox 1248 870 1389 909; x_wconf 74' lang='lat' dir='ltr'><strong>Athen.</strong></span> 
     </span>
     <span class='ocr_line' id='line_1_11' title="bbox 203 934 467 986; baseline -0.015 -12"><span class='ocrx_word' id='word_1_73' title='bbox 203 934 272 974; x_wconf 85' lang='lat' dir='ltr'><strong>VI.</strong></span> <span class='ocrx_word' id='word_1_74' title='bbox 304 950 345 986; x_wconf 84' lang='lat' dir='ltr'><strong>p.</strong></span> <span class='ocrx_word' id='word_1_75' title='bbox 376 934 467 973; x_wconf 82' lang='lat'><strong>237.</strong></span> 
     </span>
    </p>

    <p class='ocr_par' dir='ltr' id='par_1_4' title="bbox 199 998 1410 1847">
     <span class='ocr_line' id='line_1_12' title="bbox 336 998 1236 1057; baseline 0.002 -19"><span class='ocrx_word' id='word_1_76' title='bbox 336 1000 399 1038; x_wconf 83' lang='grc' dir='ltr'><strong>οὐκ</strong></span> <span class='ocrx_word' id='word_1_77' title='bbox 428 1000 499 1039; x_wconf 80' lang='grc' dir='ltr'><em>ἔσθ’</em></span> <span class='ocrx_word' id='word_1_78' title='bbox 527 1002 623 1043; x_wconf 89' lang='grc' dir='ltr'><strong><em>ὅπως</em></strong></span> <span class='ocrx_word' id='word_1_79' title='bbox 651 999 715 1038; x_wconf 79' lang='grc' dir='ltr'><strong>οὐκ</strong></span> <span class='ocrx_word' id='word_1_80' title='bbox 744 1000 778 1038; x_wconf 81' lang='grc' dir='ltr'><strong>εἴ</strong></span> <span class='ocrx_word' id='word_1_81' title='bbox 799 1001 1003 1052; x_wconf 75' lang='grc' dir='ltr'>παράσιτος</span> <span class='ocrx_word' id='word_1_82' title='bbox 1015 1030 1030 1050; x_wconf 89' lang='lat'><em>,</em></span> <span class='ocrx_word' id='word_1_83' title='bbox 1058 998 1208 1052; x_wconf 78' lang='grc' dir='ltr'>φίλτατε</span> <span class='ocrx_word' id='word_1_84' title='bbox 1219 1037 1236 1057; x_wconf 66' lang='grc'>,</span> 
     </span>
     <span class='ocr_line' id='line_1_13' title="bbox 335 1064 1224 1121; baseline 0.004 -17"><span class='ocrx_word' id='word_1_85' title='bbox 335 1067 353 1104; x_wconf 91' lang='grc' dir='ltr'><em>ὁ</em></span> <span class='ocrx_word' id='word_1_86' title='bbox 379 1065 417 1105; x_wconf 87' lang='grc' dir='ltr'><strong>δ’</strong></span> <span class='ocrx_word' id='word_1_87' title='bbox 446 1066 708 1120; x_wconf 80' lang='grc' dir='ltr'>Ἰσχόμαχοςὸ</span> <span class='ocrx_word' id='word_1_88' title='bbox 734 1064 936 1120; x_wconf 76' lang='grc' dir='ltr'>διατρέφων</span> <span class='ocrx_word' id='word_1_89' title='bbox 964 1080 1005 1105; x_wconf 92' lang='grc' dir='ltr'><strong>σε</strong></span> <span class='ocrx_word' id='word_1_90' title='bbox 1034 1070 1224 1121; x_wconf 75' lang='grc' dir='ltr'>τυγχάνει.</span> 
     </span>
     <span class='ocr_line' id='line_1_14' title="bbox 199 1129 1395 1190; baseline 0.003 -19"><span class='ocrx_word' id='word_1_91' title='bbox 199 1147 280 1172; x_wconf 87' lang='lat' dir='ltr'><strong>non</strong></span> <span class='ocrx_word' id='word_1_92' title='bbox 319 1133 513 1190; x_wconf 76' lang='grc' dir='ltr'>διατρέφων</span> <span class='ocrx_word' id='word_1_93' title='bbox 552 1133 620 1171; x_wconf 85' lang='lat' dir='ltr'><strong>sed</strong></span> <span class='ocrx_word' id='word_1_94' title='bbox 665 1129 860 1188; x_wconf 75' lang='grc' dir='ltr'>διατρέφων</span> <span class='ocrx_word' id='word_1_95' title='bbox 902 1133 1046 1185; x_wconf 88' lang='lat' dir='ltr'><strong>legitur</strong></span> <span class='ocrx_word' id='word_1_96' title='bbox 1096 1134 1137 1173; x_wconf 89' lang='lat' dir='ltr'><strong>in</strong></span> <span class='ocrx_word' id='word_1_97' title='bbox 1177 1135 1317 1174; x_wconf 85' lang='lat' dir='ltr'><strong>codice</strong></span> <span class='ocrx_word' id='word_1_98' title='bbox 1356 1142 1395 1174; x_wconf 88' lang='lat' dir='ltr'><strong>et</strong></span> 
     </span>
     <span class='ocr_line' id='line_1_15' title="bbox 201 1198 1393 1254; baseline 0.003 -18"><span class='ocrx_word' id='word_1_99' title='bbox 201 1200 382 1238; x_wconf 85' lang='lat' dir='ltr'><strong>librarius</strong></span> <span class='ocrx_word' id='word_1_100' title='bbox 409 1202 504 1237; x_wconf 83' lang='lat' dir='ltr'><strong>dare</strong></span> <span class='ocrx_word' id='word_1_101' title='bbox 531 1200 707 1237; x_wconf 84' lang='lat' dir='ltr'><strong>voluerat</strong></span> <span class='ocrx_word' id='word_1_102' title='bbox 737 1198 792 1237; x_wconf 87' lang='grc' dir='ltr'><strong>ὁδὶ</strong></span> <span class='ocrx_word' id='word_1_103' title='bbox 822 1199 971 1254; x_wconf 83' lang='grc' dir='ltr'>τρέφων.</span> <span class='ocrx_word' id='word_1_104' title='bbox 1029 1198 1147 1239; x_wconf 79' lang='lat' dir='ltr'><strong>Plura</strong></span> <span class='ocrx_word' id='word_1_105' title='bbox 1174 1202 1225 1239; x_wconf 94' lang='lat' dir='ltr'><strong>de</strong></span> <span class='ocrx_word' id='word_1_106' title='bbox 1251 1214 1393 1253; x_wconf 82' lang='lat' dir='ltr'><strong>genere</strong></span> 
     </span>
     <span class='ocr_line' id='line_1_16' title="bbox 201 1266 1397 1316; baseline 0.003 -13"><span class='ocrx_word' id='word_1_107' title='bbox 201 1266 279 1304; x_wconf 89' lang='lat' dir='ltr'><strong>hoc</strong></span> <span class='ocrx_word' id='word_1_108' title='bbox 309 1266 414 1305; x_wconf 81' lang='lat' dir='ltr'><strong>dabo</strong></span> <span class='ocrx_word' id='word_1_109' title='bbox 441 1267 550 1304; x_wconf 82' lang='lat' dir='ltr'><strong>alias.</strong></span> <span class='ocrx_word' id='word_1_110' title='bbox 581 1288 633 1295; x_wconf 91' lang='lat'><strong>--</strong></span> <span class='ocrx_word' id='word_1_111' title='bbox 660 1266 824 1316; x_wconf 85' lang='lat' dir='ltr'><strong>Decepit</strong></span> <span class='ocrx_word' id='word_1_112' title='bbox 846 1266 987 1304; x_wconf 87' lang='lat' dir='ltr'><strong>iterum</strong></span> <span class='ocrx_word' id='word_1_113' title='bbox 1019 1266 1265 1306; x_wconf 81' lang='lat' dir='ltr'><strong>Athenaeum</strong></span> <span class='ocrx_word' id='word_1_114' title='bbox 1291 1268 1397 1307; x_wconf 87' lang='lat' dir='ltr'><strong>codi-</strong></span> 
     </span>
     <span class='ocr_line' id='line_1_17' title="bbox 202 1331 1398 1383; baseline 0.002 -14"><span class='ocrx_word' id='word_1_115' title='bbox 202 1334 256 1370; x_wconf 92' lang='lat' dir='ltr'><strong>cis</strong></span> <span class='ocrx_word' id='word_1_116' title='bbox 293 1334 352 1370; x_wconf 93' lang='lat' dir='ltr'><strong>sui</strong></span> <span class='ocrx_word' id='word_1_117' title='bbox 391 1334 588 1383; x_wconf 88' lang='lat' dir='ltr'><strong>scriptura</strong></span> <span class='ocrx_word' id='word_1_118' title='bbox 620 1333 709 1371; x_wconf 88' lang='lat' dir='ltr'><strong>VII.</strong></span> <span class='ocrx_word' id='word_1_119' title='bbox 748 1331 829 1376; x_wconf 79' lang='lat'><strong>326</strong></span> <span class='ocrx_word' id='word_1_120' title='bbox 857 1332 897 1369; x_wconf 90' lang='lat' dir='ltr'><strong>in</strong></span> <span class='ocrx_word' id='word_1_121' title='bbox 935 1345 1048 1371; x_wconf 86' lang='lat' dir='ltr'><strong>versu</strong></span> <span class='ocrx_word' id='word_1_122' title='bbox 1074 1333 1316 1372; x_wconf 82' lang='lat' dir='ltr'><strong>Archestrati</strong></span> <span class='ocrx_word' id='word_1_123' title='bbox 1343 1335 1398 1372; x_wconf 90' lang='lat' dir='ltr'><strong>sic</strong></span> 
     </span>
     <span class='ocr_line' id='line_1_18' title="bbox 200 1397 370 1449; baseline 0 -14"><span class='ocrx_word' id='word_1_124' title='bbox 200 1397 370 1449; x_wconf 86' lang='lat' dir='ltr'><strong>scripto:</strong></span> 
     </span>
     <span class='ocr_line' id='line_1_19' title="bbox 234 1461 1365 1518; baseline -0.001 -15"><span class='ocrx_word' id='word_1_125' title='bbox 234 1461 1076 1503; x_wconf 87' lang='grc' dir='ltr'><strong>ΚΑΙΝΕΑΡΟΥΜΕΓΑΛΟΥΤΑΥΛΩΠΙΑ</strong></span> <span class='ocrx_word' id='word_1_126' title='bbox 1103 1462 1139 1502; x_wconf 84' lang='grc' dir='ltr'><strong>ἐν</strong></span> <span class='ocrx_word' id='word_1_127' title='bbox 1165 1465 1250 1518; x_wconf 88' lang='grc' dir='ltr'>θέρει</span> <span class='ocrx_word' id='word_1_128' title='bbox 1277 1465 1365 1502; x_wconf 87' lang='grc' dir='ltr'>ὠνοῦ</span> 
     </span>
     <span class='ocr_line' id='line_1_20' title="bbox 236 1531 389 1586; baseline 0 -17"><span class='ocrx_word' id='word_1_129' title='bbox 236 1531 389 1586; x_wconf 81' lang='grc' dir='ltr'>κρανίον.</span> 
     </span>
     <span class='ocr_line' id='line_1_21' title="bbox 209 1594 1399 1649; baseline 0 -14"><span class='ocrx_word' id='word_1_130' title='bbox 209 1597 278 1635; x_wconf 91' lang='lat' dir='ltr'><strong>ubi</strong></span> <span class='ocrx_word' id='word_1_131' title='bbox 312 1598 404 1648; x_wconf 80' lang='lat' dir='ltr'><strong>legit</strong></span> <span class='ocrx_word' id='word_1_132' title='bbox 441 1596 549 1633; x_wconf 85' lang='lat' dir='ltr'><strong>aliud</strong></span> <span class='ocrx_word' id='word_1_133' title='bbox 586 1608 723 1646; x_wconf 81' lang='lat' dir='ltr'><strong>agens:</strong></span> <span class='ocrx_word' id='word_1_134' title='bbox 763 1594 823 1633; x_wconf 84' lang='grc' dir='ltr'><strong>καὶ</strong></span> <span class='ocrx_word' id='word_1_135' title='bbox 858 1597 982 1649; x_wconf 74' lang='grc' dir='ltr'>νεαροῦ</span> <span class='ocrx_word' id='word_1_136' title='bbox 1014 1595 1173 1648; x_wconf 75' lang='grc' dir='ltr'>μεγάλου</span> <span class='ocrx_word' id='word_1_137' title='bbox 1214 1596 1399 1635; x_wconf 85' lang='grc' dir='ltr'>ταυλωπία</span> 
     </span>
     <span class='ocr_line' id='line_1_22' title="bbox 210 1660 1410 1714; baseline -0.001 -14"><span class='ocrx_word' id='word_1_138' title='bbox 210 1675 285 1714; x_wconf 85' lang='lat' dir='ltr'><strong>pro</strong></span> <span class='ocrx_word' id='word_1_139' title='bbox 324 1662 355 1702; x_wconf 89' lang='grc' dir='ltr'><strong>τ’</strong></span> <span class='ocrx_word' id='word_1_140' title='bbox 392 1662 571 1701; x_wconf 80' lang='grc' dir='ltr'>αὐλωπία.</span> <span class='ocrx_word' id='word_1_141' title='bbox 626 1660 713 1697; x_wconf 83' lang='lat' dir='ltr'><strong>Alia</strong></span> <span class='ocrx_word' id='word_1_142' title='bbox 748 1660 926 1710; x_wconf 82' lang='lat' dir='ltr'><strong>exempla</strong></span> <span class='ocrx_word' id='word_1_143' title='bbox 960 1660 1121 1711; x_wconf 88' lang='lat' dir='ltr'><strong>reperiri</strong></span> <span class='ocrx_word' id='word_1_144' title='bbox 1162 1667 1323 1712; x_wconf 88' lang='lat' dir='ltr'><strong>possunt</strong></span> <span class='ocrx_word' id='word_1_145' title='bbox 1360 1661 1410 1699; x_wconf 91' lang='lat' dir='ltr'><strong>in-</strong></span> 
     </span>
     <span class='ocr_line' id='line_1_23' title="bbox 213 1726 1403 1778; baseline -0.002 -11"><span class='ocrx_word' id='word_1_146' title='bbox 213 1730 329 1767; x_wconf 86' lang='lat' dir='ltr'><strong>variis</strong></span> <span class='ocrx_word' id='word_1_147' title='bbox 355 1728 610 1773; x_wconf 84' lang='lat' dir='ltr'><strong>lectionibus,</strong></span> <span class='ocrx_word' id='word_1_148' title='bbox 643 1740 743 1778; x_wconf 84' lang='lat' dir='ltr'><strong>quas</strong></span> <span class='ocrx_word' id='word_1_149' title='bbox 777 1726 910 1764; x_wconf 75' lang='lat' dir='ltr'><strong>critici</strong></span> <span class='ocrx_word' id='word_1_150' title='bbox 944 1726 1199 1765; x_wconf 78' lang='lat' dir='ltr'><strong>Alexandrini</strong></span> <span class='ocrx_word' id='word_1_151' title='bbox 1226 1740 1272 1765; x_wconf 86' lang='lat' dir='ltr'><strong>ex</strong></span> <span class='ocrx_word' id='word_1_152' title='bbox 1302 1727 1403 1765; x_wconf 83' lang='lat' dir='ltr'><strong>anti-</strong></span> 
     </span>
     <span class='ocr_line' id='line_1_24' title="bbox 214 1792 1017 1847; baseline -0.005 -14"><span class='ocrx_word' id='word_1_153' title='bbox 214 1796 303 1847; x_wconf 89' lang='lat' dir='ltr'>quis</span> <span class='ocrx_word' id='word_1_154' title='bbox 330 1795 488 1833; x_wconf 88' lang='lat' dir='ltr'><strong>Homeri</strong></span> <span class='ocrx_word' id='word_1_155' title='bbox 519 1792 726 1831; x_wconf 86' lang='lat' dir='ltr'><strong>codicibus</strong></span> <span class='ocrx_word' id='word_1_156' title='bbox 754 1797 1017 1830; x_wconf 82' lang='lat' dir='ltr'><strong>servaverunt.</strong></span> 
     </span>
    </p>

    <p class='ocr_par' dir='ltr' id='par_1_5' title="bbox 217 1857 1418 2375">
     <span class='ocr_line' id='line_1_25' title="bbox 265 1857 1404 1912; baseline -0.004 -14"><span class='ocrx_word' id='word_1_157' title='bbox 265 1860 360 1912; x_wconf 85' lang='lat' dir='ltr'>Pag.</span> <span class='ocrx_word' id='word_1_158' title='bbox 390 1861 458 1898; x_wconf 85' lang='lat'><strong>23.</strong></span> <span class='ocrx_word' id='word_1_159' title='bbox 488 1858 631 1898; x_wconf 70' lang='lat' dir='ltr'><strong>Sicubi</strong></span> <span class='ocrx_word' id='word_1_160' title='bbox 656 1859 761 1896; x_wconf 83' lang='lat' dir='ltr'><strong>liber</strong></span> <span class='ocrx_word' id='word_1_161' title='bbox 792 1859 946 1896; x_wconf 83' lang='lat' dir='ltr'><strong>lacuna</strong></span> <span class='ocrx_word' id='word_1_162' title='bbox 977 1857 1122 1895; x_wconf 78' lang='lat' dir='ltr'><em>hiabat</em></span> <span class='ocrx_word' id='word_1_163' title='bbox 1158 1862 1235 1895; x_wconf 77' lang='lat' dir='ltr'><strong>aut</strong></span> <span class='ocrx_word' id='word_1_164' title='bbox 1266 1857 1404 1909; x_wconf 80' lang='lat' dir='ltr'><strong>exple·</strong></span> 
     </span>
     <span class='ocr_line' id='line_1_26' title="bbox 217 1922 1404 1975; baseline -0.003 -11"><span class='ocrx_word' id='word_1_165' title='bbox 217 1927 317 1965; x_wconf 80' lang='lat' dir='ltr'><em>bant</em></span> <span class='ocrx_word' id='word_1_166' title='bbox 352 1926 402 1963; x_wconf 83' lang='lat' dir='ltr'><strong>de</strong></span> <span class='ocrx_word' id='word_1_167' title='bbox 427 1939 503 1963; x_wconf 77' lang='lat' dir='ltr'><strong>suo</strong></span> <span class='ocrx_word' id='word_1_168' title='bbox 531 1929 606 1962; x_wconf 83' lang='lat' dir='ltr'><strong>aut</strong></span> <span class='ocrx_word' id='word_1_169' title='bbox 634 1924 897 1961; x_wconf 75' lang='lat' dir='ltr'><strong>dissimulato</strong></span> <span class='ocrx_word' id='word_1_170' title='bbox 925 1923 1045 1961; x_wconf 81' lang='lat' dir='ltr'><strong>hiatu</strong></span> <span class='ocrx_word' id='word_1_171' title='bbox 1075 1922 1276 1967; x_wconf 73' lang='lat' dir='ltr'><strong>funditus</strong></span> <span class='ocrx_word' id='word_1_172' title='bbox 1301 1935 1404 1975; x_wconf 72' lang='lat' dir='ltr'><strong>pes-</strong></span> 
     </span>
     <span class='ocr_line' id='line_1_27' title="bbox 217 1988 1406 2032; baseline -0.003 -1"><span class='ocrx_word' id='word_1_173' title='bbox 217 1991 465 2032; x_wconf 80' lang='lat' dir='ltr'><strong>sumdabant</strong></span> <span class='ocrx_word' id='word_1_174' title='bbox 492 1991 764 2027; x_wconf 81' lang='lat' dir='ltr'><strong>sententiam:</strong></span> <span class='ocrx_word' id='word_1_175' title='bbox 795 1988 866 2026; x_wconf 82' lang='lat' dir='ltr'><strong>ubi</strong></span> <span class='ocrx_word' id='word_1_176' title='bbox 894 1988 1113 2026; x_wconf 77' lang='lat' dir='ltr'><strong>literarum</strong></span> <span class='ocrx_word' id='word_1_177' title='bbox 1137 1989 1286 2027; x_wconf 72' lang='lat' dir='ltr'><strong>ductus</strong></span> <span class='ocrx_word' id='word_1_178' title='bbox 1309 2002 1406 2027; x_wconf 80' lang='lat' dir='ltr'><strong>eva-</strong></span> 
     </span>
     <span class='ocr_line' id='line_1_28' title="bbox 219 2054 1404 2106; baseline -0.003 -11"><span class='ocrx_word' id='word_1_179' title='bbox 219 2058 316 2095; x_wconf 82' lang='lat' dir='ltr'><strong>m‘dz&#39;</strong></span> <span class='ocrx_word' id='word_1_180' title='bbox 331 2057 541 2094; x_wconf 76' lang='lat' dir='ltr'><strong>oculorum</strong></span> <span class='ocrx_word' id='word_1_181' title='bbox 567 2056 697 2092; x_wconf 84' lang='lat' dir='ltr'><strong>aciem</strong></span> <span class='ocrx_word' id='word_1_182' title='bbox 711 2057 966 2106; x_wconf 75' lang='lat' dir='ltr'><strong>praesertim</strong></span> <span class='ocrx_word' id='word_1_183' title='bbox 990 2054 1250 2092; x_wconf 82' lang='lat' dir='ltr'><strong>indoctorum</strong></span> <span class='ocrx_word' id='word_1_184' title='bbox 1272 2054 1404 2103; x_wconf 82' lang='lat' dir='ltr'><strong>falle-</strong></span> 
     </span>
     <span class='ocr_line' id='line_1_29' title="bbox 222 2118 1403 2172; baseline -0.001 -12"><span class='ocrx_word' id='word_1_185' title='bbox 222 2122 340 2168; x_wconf 85' lang='lat' dir='ltr'><strong><em>bant,</em></strong></span> <span class='ocrx_word' id='word_1_186' title='bbox 365 2120 496 2160; x_wconf 81' lang='lat' dir='ltr'><strong>locum</strong></span> <span class='ocrx_word' id='word_1_187' title='bbox 508 2119 567 2159; x_wconf 84' lang='lat' dir='ltr'><strong>ad</strong></span> <span class='ocrx_word' id='word_1_188' title='bbox 587 2133 706 2159; x_wconf 76' lang='lat' dir='ltr'><strong>suum</strong></span> <span class='ocrx_word' id='word_1_189' title='bbox 727 2119 950 2158; x_wconf 74' lang='lat' dir='ltr'><strong>arbitrium</strong></span> <span class='ocrx_word' id='word_1_190' title='bbox 965 2118 1014 2158; x_wconf 77' lang='lat' dir='ltr'><strong>id</strong></span> <span class='ocrx_word' id='word_1_191' title='bbox 1029 2124 1089 2159; x_wconf 74' lang='lat' dir='ltr'><strong>est</strong></span> <span class='ocrx_word' id='word_1_192' title='bbox 1102 2124 1253 2160; x_wconf 83' lang='lat' dir='ltr'><strong>temere</strong></span> <span class='ocrx_word' id='word_1_193' title='bbox 1276 2119 1403 2172; x_wconf 80' lang='lat' dir='ltr'><strong>refin-</strong></span> 
     </span>
     <span class='ocr_line' id='line_1_30' title="bbox 220 2185 1408 2240; baseline 0 -15"><span class='ocrx_word' id='word_1_194' title='bbox 220 2186 407 2240; x_wconf 81' lang='lat' dir='ltr'><strong>gebant).</strong></span> <span class='ocrx_word' id='word_1_195' title='bbox 447 2187 536 2225; x_wconf 90' lang='lat' dir='ltr'><strong>Non</strong></span> <span class='ocrx_word' id='word_1_196' title='bbox 561 2192 616 2224; x_wconf 84' lang='lat' dir='ltr'><strong>est</strong></span> <span class='ocrx_word' id='word_1_197' title='bbox 635 2186 743 2223; x_wconf 85' lang='lat' dir='ltr'><strong>aliud</strong></span> <span class='ocrx_word' id='word_1_198' title='bbox 762 2186 908 2224; x_wconf 82' lang='lat' dir='ltr'><strong>malum</strong></span> <span class='ocrx_word' id='word_1_199' title='bbox 928 2185 1187 2237; x_wconf 80' lang='lat' dir='ltr'><strong>scriptoribus</strong></span> <span class='ocrx_word' id='word_1_200' title='bbox 1209 2186 1408 2238; x_wconf 65' lang='lat' dir='ltr'><strong>ipsisper-</strong></span> 
     </span>
     <span class='ocr_line' id='line_1_31' title="bbox 221 2251 1416 2304; baseline 0.002 -13"><span class='ocrx_word' id='word_1_201' title='bbox 221 2252 428 2298; x_wconf 82' lang='lat' dir='ltr'><strong>niciosius,</strong></span> <span class='ocrx_word' id='word_1_202' title='bbox 458 2263 533 2290; x_wconf 88' lang='lat' dir='ltr'><strong>nec</strong></span> <span class='ocrx_word' id='word_1_203' title='bbox 561 2251 783 2304; x_wconf 84' lang='lat' dir='ltr'><strong>periculum</strong></span> <span class='ocrx_word' id='word_1_204' title='bbox 808 2251 1089 2303; x_wconf 79' lang='lat' dir='ltr'><strong>interpretibus</strong></span> <span class='ocrx_word' id='word_1_205' title='bbox 1108 2252 1264 2304; x_wconf 80' lang='lat' dir='ltr'><strong>gravius</strong></span> <span class='ocrx_word' id='word_1_206' title='bbox 1289 2263 1416 2304; x_wconf 76' lang='lat' dir='ltr'><strong>quam·</strong></span> 
     </span>
     <span class='ocr_line' id='line_1_32' title="bbox 225 2318 1418 2375; baseline 0 -18"><span class='ocrx_word' id='word_1_207' title='bbox 225 2326 439 2375; x_wconf 81' lang='lat' dir='ltr'><strong>utrumque</strong></span> <span class='ocrx_word' id='word_1_208' title='bbox 478 2318 578 2374; x_wconf 84' lang='lat' dir='ltr'><strong>hoc,</strong></span> <span class='ocrx_word' id='word_1_209' title='bbox 619 2324 661 2356; x_wconf 87' lang='lat' dir='ltr'><strong>ut</strong></span> <span class='ocrx_word' id='word_1_210' title='bbox 689 2318 906 2368; x_wconf 80' lang='lat' dir='ltr'><strong>exciderint</strong></span> <span class='ocrx_word' id='word_1_211' title='bbox 935 2318 1126 2357; x_wconf 86' lang='lat' dir='ltr'><strong>nonnulla</strong></span> <span class='ocrx_word' id='word_1_212' title='bbox 1158 2319 1240 2359; x_wconf 84' lang='lat' dir='ltr'><strong>sine</strong></span> <span class='ocrx_word' id='word_1_213' title='bbox 1272 2318 1418 2370; x_wconf 86' lang='lat' dir='ltr'><strong>quibus</strong></span> 
     </span>
    </p>
   </div>
  </div>
 </body>
</html>
