1572 2801
761 203 848 248 128

215 351 337 391 quam
381 342 570 375 accurata
608 337 794 374 sermonis
835 342 875 374 et
916 336 1116 375 literarum
1156 336 1395 376 Graecarum

215 404 392 458 cognitio
425 404 591 442 ducunt.
648 402 834 441 Novimus
859 420 896 443 αι
921 410 959 443 et
985 419 1003 444 ε
1036 403 1246 451 confundi,
1284 404 1396 443 novi-

213 483 301 509 mus
319 468 658 521 interpretationes
676 469 913 519 suprascribi
936 471 1081 517 solere3
1109 469 1246 521 itaque
1270 483 1317 509 ex
1339 470 1398 508 his

214 537 342 576 verbis
367 534 474 587 apud
501 533 692 572 Galenum
725 534 835 585 (Vid.
855 534 1055 577 Valcken.
1085 536 1208 575 Diatr.
1236 549 1277 587 p.
1303 536 1395 573 2-14.

216 608 256 641 et
283 602 427 654 Bergk.
456 601 497 640 in
526 599 636 638 Post.
667 600 756 651 Lyr.
787 600 852 640 Gr.
881 616 922 653 p.
946 603 1060 654 222).
1106 601 1225 643 Ἀετὸν
1262 600 1306 642 δὲ
1337 599 1397 639 καὶ

218 667 292 708 οἵδε
329 668 489 720 (nempe
523 668 553 707 οἱ
585 666 728 707 παλαιοὶ
758 666 912 708 ε’κοέλουν
946 669 986 709 τὸ
1019 669 1184 722 ἀὲτωμα)
1224 670 1399 723 καθάπερ

219 735 281 776 καὶ
315 733 516 790 Πίνδαρος·
565 734 702 789 χρυσαῖ
732 733 769 772 αἱ
803 733 840 772 δ’
878 733 1074 791 ὄξυμπεραὶ
1112 736 1148 774 αἱ
1186 739 1247 775 τοῦ
1285 735 1401 775 ἄειδον

221 802 380 849 κληδόνες
389 832 405 853 ,
432 800 542 838 nullo
570 799 729 851 negotio
755 799 880 851 ipsam
908 800 1045 844 Galeni
1069 807 1106 839 et
1131 801 1290 839 Pindari
1316 815 1401 839 ma-

220 883 314 908 num
352 879 552 907 eruemus:
591 866 708 905 αἰετοῦ
736 866 945 918 legendum
981 880 1055 919 pro
1086 866 1123 906 αἱ
1151 867 1188 906 αἱ
1219 870 1281 907 τοῦ
1312 873 1401 905 ante

220 935 343 987 pedes
368 940 444 980 est,
476 933 629 983 reliqua
655 933 712 994 sic
739 932 1033 971 constituenda:

368 1026 540 1082 Χρύσειαι
567 1024 603 1063 δ’
630 984 717 1079 ὑῗπξὲρ
746 1024 861 1062 αἰετοῦ
889 1023 1004 1064 ἄειδον
1030 1023 1247 1071 Κηληδόνες.

223 1106 400 1145 Eundem
420 1105 553 1143 locum
579 1104 709 1141 attulit
735 1102 946 1141 Pausanias
967 1116 1032 1155 ap.
1060 1104 1204 1156 Bergk.
1230 1104 1298 1142 l.1.
1328 1103 1403 1143 sic:

224 1163 227 1164 ⁷
372 1184 543 1241 Χρύσειαι
571 1183 605 1223 δ’
635 1182 674 1231 ἐξ
701 1182 857 1239 ὑπερῴου
883 1181 998 1223 ἄειδον
1023 1182 1256 1236 Κηληδόνες,

225 1266 292 1304 ubi
319 1264 426 1305 vides
455 1264 699 1302 temerariam
732 1264 1036 1301 correctionem:
1076 1263 1406 1303 ΥΠΕΡΑΙΕΤΟΥ

226 1331 375 1370 abierat
400 1331 441 1368 in
459 1328 636 1385 ὑπερῴου,
655 1329 798 1367 deinde
817 1330 958 1381 aliquis
970 1328 1010 1376 ἐξ
1025 1330 1190 1368 addidit.
1222 1330 1408 1368 Novimus

222 1401 328 1453 παρά
349 1403 386 1435 et
405 1396 491 1452 περί
510 1401 676 1448 propter
697 1395 922 1447 compendii
944 1396 1234 1434 similitudinem
1256 1395 1407 1448 ubique

223 1470 368 1502 temere
391 1463 596 1501 confundi.
632 1464 861 1501 Feremusne
880 1463 1000 1515 igitur
1025 1463 1133 1514 apud
1156 1463 1407 1502 Charitonem

224 1544 268 1580 p.
291 1529 379 1567 139.
408 1530 514 1584 ὤφθη
542 1529 746 1584 Καλλιρρόη
769 1528 832 1582 μὲν
855 1529 911 1569 ἐπὶ
933 1530 1163 1585 χρυσηλάτου
1185 1529 1297 1575 κλίνης
1317 1530 1406 1568 ἀνα-

153 1632 157 1637 ,
229 1597 366 1649 κειμένη
386 1620 438 1625 -
455 1597 613 1652 Χαιρέας
638 1594 681 1635 δὲ
710 1596 801 1648 αὐτῇ
827 1597 1106 1651 περικαθήμενος
1134 1609 1209 1648 pro
1240 1611 1409 1651 παρακα-

227 1663 406 1716 θήμενοςΡ
434 1675 515 1701 non
541 1662 739 1701 dubitabit
765 1663 882 1701 facile
907 1663 977 1714 qui
1000 1662 1098 1701 sciat
1126 1663 1225 1714 quid
1244 1664 1407 1701 intersit.

226 1728 343 1766 Estne
368 1741 469 1779 opus
501 1728 707 1766 codicibus
733 1734 776 1766 ut
803 1728 845 1766 in
868 1729 1032 1766 Luciani
1059 1729 1219 1767 Somnio
1242 1742 1271 1766 s.
1297 1727 1411 1767 Gallo

227 1793 269 1831 in
307 1794 441 1845 primis
477 1792 627 1832 verbis:
669 1793 768 1833 σῖλλά
799 1795 863 1845 σε’,
898 1790 929 1833 ὦ
958 1796 1086 1839 κάκιζε
1121 1793 1354 1851 ἀλεκτρυών,
1389 1794 1408 1833 ὁ

229 1859 327 1917 Ζεὺς
342 1860 447 1905 αὐτὸς
463 1859 695 1915 ἐπιτρίψειεν,
722 1860 909 1898 mendum
933 1860 1303 1913 deprehendamus?
1335 1860 1413 1910 Qui

229 1940 319 1965 cum
349 1926 506 1965 Graecis
532 1926 602 1965 diu
630 1927 724 1965 vix-it
750 1926 850 1964 bene
876 1927 985 1965 novit
1011 1939 1077 1965 eos
1099 1927 1141 1964 in
1168 1927 1236 1965 tali
1263 1939 1306 1964 re
1330 1939 1412 1965 non

231 1992 344 2030 aliter
370 2005 492 2044 quam
518 1990 548 2032 ὦ
578 1992 702 2038 κάκις’
730 1991 972 2047 σίλεκτρυόνων
999 1992 1131 2031 dicere
1154 1992 1290 2031 solere.
1330 1992 1411 2030 Ita-

231 2070 313 2109 que
339 2058 369 2095 si
381 2060 394 2103 ‘‚
425 2059 536 2109 quod
562 2071 656 2098 sana
683 2060 782 2097 ratio
810 2065 849 2097 et
875 2072 966 2098 usus
989 2065 1027 2098 et
1050 2058 1288 2110 experientia
1310 2058 1414 2097 evin-

232 2130 351 2171 cunt,
382 2137 461 2163 non
494 2128 615 2178 penes
648 2125 936 2165 hallucinantes
963 2124 1162 2171 librarios,
1200 2123 1270 2162 sed
1295 2136 1416 2175 penes

231 2191 389 2229 criticos
414 2196 471 2229 est
493 2190 632 2230 harum
656 2192 830 2230 omnium
849 2205 979 2231 rerum
1000 2178 1210 2237 iudicium,
1235 2189 1336 2241 quid
1358 2191 1415 2228 nil

230 2256 448 2307 profuturis
484 2256 706 2310 quisquiliis
744 2258 969 2310 praeclaros
1008 2257 1216 2309 scriptores
1254 2263 1416 2295 onerare

232 2327 271 2359 et
297 2322 488 2375 impedire
515 2323 750 2376 pergemus?
777 2324 878 2376 quid
903 2325 1090 2364 lectiones
1116 2323 1350 2376 depravatas
1376 2326 1415 2360 et
