1572 2801
720 279 806 324 145

444 416 557 468 μέγαν
583 414 741 466 αἷγυπιόν
766 414 804 454 δ’
831 415 1074 463 ὑποδείσαντες

542 482 630 535 Τάχ1
657 481 701 521 ἂν
729 481 887 538 ἐξαίφνης
914 495 958 536 [εἶ
979 497 1017 526 σὺ
1042 495 1186 536 φανείηε]

494 553 574 599 σιγῇ
602 547 765 595 πτήξειαν
791 553 934 604 ἄφωνοι.

171 609 415 648 Manifestum
443 617 497 648 est
527 611 764 663 Sophoclem
799 614 927 665 ipsum
959 626 1039 652 non
1075 615 1247 666 potuisse
1274 615 1346 652 ad·

171 677 283 714 dere:
313 677 343 715 εἷ
368 677 410 715 σὺ
441 679 602 732 φανείης,
639 681 750 731 quod
778 694 900 731 quum
934 693 1026 717 casu
1052 686 1147 717 esset
1174 693 1348 731 anapae-

172 744 312 781 sticum
340 743 446 789 basi,
477 758 580 796 quae
607 746 898 797 paroemiacum
924 746 974 783 de
999 758 1106 783 more
1133 746 1347 796 praecede·

167 807 259 851 bat,
314 807 487 845 adhaesit
522 816 559 847 et
601 811 849 861 splendidum
885 812 1015 848 locum
1052 812 1157 861 turpi
1194 813 1350 849 macula

167 872 398 923 inquinavit.
449 874 597 913 Miseret
630 877 744 913 etiam
772 876 1060 928 Aristophanis,
1092 889 1212 928 quem
1248 877 1350 915 male

170 938 394 976 mulcarunt
424 940 463 977 in
494 940 551 978 his
578 941 749 982 versibus
775 942 916 980 Avium
945 941 1030 981 179.
1059 955 1116 993 sq.

220 1004 270 1044 A.
293 1004 368 1057 ὀὐχ
396 1001 493 1051 οὗτος
519 1000 576 1044 οὖν
604 1005 775 1050 δήπούςιν
801 1006 952 1062 ὀρνίθων
978 1006 1107 1057 πόλος,·

222 1072 268 1110 Β.
297 1071 426 1123 πολος,·
457 1072 533 1110 τίνα
561 1073 687 1127 τρόπον
697 1090 713 1123 ,-
743 1073 790 1110 Α.
822 1076 941 1128 ὥσπερ
971 1073 1000 1111 εἰ
1025 1072 1161 1125 λέγοις,
1190 1075 1309 1118 τόπος.

306 1138 378 1189 [ὅτι
406 1136 447 1177 δὲ
473 1138 629 1178 πολεῖται
659 1142 760 1177 τοῦτο
787 1138 846 1177 καὶ
875 1138 1054 1192 διέρχεται

301 1209 449 1244 ἅπαντα
479 1203 542 1243 διὰ
571 1206 674 1243 τοῦτο’
701 1219 740 1257 γε
768 1204 928 1243 καλεῖται
956 1207 1013 1243 νῦν
1041 1204 1182 1256 πόλος]

301 1272 343 1313 ἢν
369 1271 405 1310 δ’
433 1271 583 1315 οἰκίσητε
611 1274 711 1309 τοῦτο
738 1269 798 1308 καὶ
826 1269 979 1325 φράξηθ’
1007 1268 1109 1315 ἅπαξ

300 1337 340 1377 ἐκ
365 1341 427 1378 τοῦ
454 1337 562 1377 πόλου
590 1338 711 1377 τούτου
739 1341 921 1391 γενήσεται
949 1336 1058 1382 πόλις.

165 1404 212 1442 In
236 1405 410 1442 secundo
436 1417 547 1442 versu
575 1406 733 1455 scripsi:
764 1409 883 1459 ὥσπερ
909 1405 938 1443 εἰ
962 1404 1074 1456 λέγοις
1105 1416 1197 1454 pro:
1227 1408 1348 1457 ὥσπερ

169 1470 256 1509 εἴποι
288 1485 362 1522 τις,
391 1470 501 1521 quod
526 1470 636 1507 nihili
663 1476 733 1508 est.
763 1469 821 1508 cf.
848 1482 900 1507 vs.
928 1467 1019 1507 282.
1051 1469 1192 1507 Versus
1215 1470 1350 1506 tertius

170 1542 207 1573 et
234 1543 419 1587 quartus,
454 1537 524 1587 qui
553 1536 710 1573 absurdi
739 1542 827 1573 sunt
855 1542 892 1572 et
918 1541 1087 1586 peccant
1117 1535 1157 1572 in
1191 1536 1350 1573 sinceri-

166 1606 284 1639 tatem
312 1602 432 1640 Attici
464 1603 647 1641 sermonis
674 1614 1022 1654 numerorumque,
1049 1600 1234 1652 qualibus
1261 1602 1349 1639 Ari-

167 1668 379 1720 stophanes
406 1670 462 1707 uti
490 1671 606 1714 solet,
639 1670 888 1714 suavitatem,
920 1669 994 1706 orti
1025 1674 1112 1706 sunt
1139 1680 1185 1704 ex
1213 1667 1349 1705 huius-

117 1754 120 1757 *
163 1734 271 1772 modi
303 1735 474 1773 scholio:
503 1738 556 1774 ὅτι
586 1734 627 1774 δὲ
655 1735 811 1775 πολεῖται
837 1734 895 1773 καὶ
921 1734 1105 1788 διέρχεται
1132 1738 1277 1772 ἅπαντα
1307 1733 1348 1772 δι’

166 1799 275 1839 αὐτοῦ
303 1801 462 1841 καλεῖται
490 1802 593 1847 πόλος
605 1833 621 1852 ,
649 1815 753 1853 quae
779 1801 1013 1853 etymologia
1046 1800 1164 1852 digna
1195 1806 1250 1837 est
1277 1813 1344 1838 eo-

163 1879 250 1904 rum
278 1867 455 1919 ingenio,
494 1869 564 1920 qui
597 1868 689 1905 talia
724 1867 907 1905 amabant
935 1873 972 1904 et
1004 1866 1152 1917 ubique
1176 1865 1248 1903 sibi
1280 1879 1343 1903 re-

161 1934 290 1986 perire
311 1934 560 1973 videbantur.
601 1934 740 1986 Magno
769 1933 903 1972 labore
929 1939 1064 1984 postea
1093 1945 1138 1970 ea
1163 1931 1281 1970 verba
1305 1932 1345 1970 in

156 2013 288 2039 versus
308 2001 477 2039 senarios
503 1998 663 2037 redacta
690 2004 802 2043 sunt,
834 1999 873 2036 in
901 1998 1046 2049 quibus
1078 2003 1116 2034 et
1143 1996 1207 2035 διὰ
1240 2001 1340 2037 τοῦτο

161 2079 449 2118 supervacuum
476 2072 531 2103 est
563 2078 643 2102 non
679 2065 806 2102 minus
837 2077 957 2114 quam
993 2067 1076 2115 νῦν,
1113 2070 1149 2100 et
1184 2076 1343 2114 prorsus

160 2133 337 2185 ineptum
363 2132 465 2171 istud
492 2145 558 2183 γε,
587 2130 698 2181 quod
727 2136 892 2181 apparet
920 2129 1011 2185 πρὸς,
1033 2129 1071 2169 τὸ
1101 2128 1247 2181 κεχηνὸς
1279 2132 1339 2168 τοῦ

160 2197 300 2252 ῥυθμοῦ
332 2211 409 2237 esse
434 2196 650 2234 adiectum:
682 2194 823 2231 deinde
849 2194 955 2232 vides
982 2209 1103 2246 quam
1132 2195 1231 2232 belle
1257 2196 1340 2247 ipse

161 2263 263 2309 πόλος
292 2265 448 2303 dicatur
472 2260 684 2316 διέρχεσθαι
713 2264 884 2311 ἅπαντα,
916 2260 1025 2311 quod
1054 2266 1190 2298 contra
1218 2267 1272 2298 est
1300 2267 1338 2298 et

163 2329 348 2367 creditur.
413 2330 616 2367 Praeterea
660 2327 840 2378 dactylus
878 2327 920 2364 in
960 2327 1068 2364 tertia
1108 2326 1198 2364 sede
1238 2333 1338 2366 stare

159 2406 242 2432 non
267 2400 394 2446 potest
426 2395 496 2433 nisi
531 2400 599 2433 aut
632 2399 735 2433 totus
759 2394 800 2431 in
827 2393 964 2431 eodem
992 2393 1187 2433 vocabulo
1214 2395 1342 2433 conti-
