1572 2801
721 215 777 258 15

167 336 348 393 cationes
372 364 455 392 non
479 351 635 393 ratione
652 356 696 392 et
720 364 801 392 usu
829 350 899 393 sed
926 365 1003 409 pro
1031 352 1232 408 cuiusque
1261 367 1329 394 ar-

170 424 294 466 bitrio
323 430 364 466 et
394 425 537 481 peritia
565 423 936 467 constituebantur.
974 418 1137 480 'Longa
1171 425 1257 468 dies
1282 427 1325 469 in

172 498 314 540 multis
335 499 525 541 abstersit
554 499 708 554 primos
733 502 891 539 errores
916 503 958 539 et
985 499 1142 540 saniora
1169 499 1328 554 docuit,

173 569 243 612 sed
283 572 404 612 nimis
449 570 570 612 multi
616 570 832 625 antiquum
877 569 1063 612 obtinent
1109 575 1150 611 et
1193 572 1329 613 inutili

171 641 410 684 eruditionis
442 642 560 699 copia
597 640 774 684 obruere
810 642 1020 699 ingenium
1056 647 1097 684 et
1137 642 1330 687 hebetare

174 728 299 771 quam
332 727 470 757 severo
509 713 672 756 delectu
710 728 856 756 acuere
893 719 934 758 et
975 714 1106 772 polire
1145 715 1330 771 malunt,

176 801 344 843 operose
379 786 629 844 explicantes
660 801 768 842 quae
796 801 915 829 nemo
945 788 1122 840 nesciat,
1153 793 1195 829 et
1225 803 1332 844 quae

174 858 350 901 obscura
395 863 493 901 sunt
534 863 606 900 aut
647 864 861 916 corrupta,
894 858 996 900 dum
1031 859 1161 901 aliena
1202 862 1334 904 multa

174 937 423 989 congerunt,
458 932 587 988 magis
616 933 738 974 etiam
765 931 1043 975 obscurantes.
1083 933 1335 977 Pervertitur

176 1018 289 1048 mens
328 1009 369 1047 et
408 1009 651 1046 occaecatur
694 1003 920 1046 formarum
966 1005 1159 1061 varietate
1196 1008 1332 1050 notio-

173 1093 358 1133 numque
382 1078 501 1120 nullo
536 1078 703 1120 vinculo
728 1079 836 1120 inter
858 1093 900 1120 se
930 1084 1118 1134 aptarum
1145 1079 1332 1123 multitu-

173 1151 287 1205 dine,
334 1151 443 1195 unde
487 1165 616 1194 novae
656 1164 816 1209 semper
858 1151 1039 1193 existunt
1082 1151 1334 1196 discentibus

174 1224 458 1278 difficultates,
489 1226 562 1281 qui
586 1224 790 1281 quidquid
813 1225 979 1267 iuvenes
1014 1240 1162 1282 magno
1192 1226 1334 1271 labore

176 1299 230 1340 ita
262 1297 493 1340 didicerunt
526 1302 574 1340 ut
611 1298 766 1355 ubique
807 1312 856 1340 ex
892 1298 1067 1340 aliorum
1094 1301 1335 1343 auctoritate

177 1372 447 1429 pependerint
485 1386 532 1413 ac
561 1370 664 1412 nihil
695 1370 866 1413 fecerint
897 1384 1044 1425 suum,
1083 1370 1155 1412 ubi
1192 1372 1242 1413 ad
1273 1375 1334 1415 vi-

178 1445 293 1486 rilem
320 1449 489 1486 aetatem
514 1446 791 1500 pervenerunt
817 1441 902 1483 sine
924 1456 1071 1497 magno
1092 1442 1235 1486 dolore
1257 1460 1334 1488 nec

175 1517 375 1559 desiderio
399 1516 506 1559 elabi
532 1516 609 1558 sibi
638 1521 680 1558 et
703 1516 871 1576 effluere
900 1516 1128 1573 patiuntur.

234 1590 343 1632 Huic
384 1590 510 1646 igitur
552 1590 662 1632 malo
701 1604 785 1646 quo
816 1589 981 1632 tandem
1012 1595 1133 1647 pacto
1166 1592 1336 1635 meden-

175 1659 307 1702 dum'?
337 1661 492 1717 Nempe
511 1676 557 1702 ea
584 1661 843 1717 ingredienda
870 1662 934 1702 via
962 1667 1044 1714 est,
1071 1677 1195 1716 quam
1218 1665 1333 1720 prin-

178 1735 287 1791 cipes
317 1734 359 1776 in
386 1732 529 1776 Literis
555 1735 627 1777 viri
651 1735 693 1776 in
712 1734 789 1777 hac
813 1739 951 1777 nostra
975 1732 1190 1777 Academia
1208 1736 1330 1793 primi

179 1801 447 1864 aperuerunt,
476 1822 600 1862 quam
618 1807 700 1849 Vos
723 1806 841 1860 mihi,
870 1806 944 1846 viri
967 1806 1197 1860 clarissimi,
1219 1806 1332 1863 digni

174 1893 317 1923 eorum
362 1879 554 1938 discipuli
597 1886 638 1924 et
672 1893 923 1923 successores
957 1879 1076 1937 primi
1108 1886 1335 1923 monstras-

179 1954 251 1994 tis:
281 1967 378 1994 cum
409 1959 598 1995 accurata
636 1955 804 1995 sanioris
840 1954 1134 1994 Grammatices
1167 1955 1333 1996 scientia

177 2018 359 2068 criticam
384 2025 621 2069 facultatem
646 2012 895 2082 coniungere
915 2032 1039 2082 atque
1062 2025 1168 2068 hanc
1192 2041 1241 2069 ex
1261 2026 1333 2069 illa

174 2098 338 2152 elicere,
370 2099 496 2153 alere,
528 2097 793 2141 corroborare
821 2103 862 2139 et
893 2098 934 2139 in
956 2098 1063 2140 diem
1090 2113 1257 2155 augere,
1293 2105 1335 2141 et

178 2172 346 2214 unicum
388 2186 541 2230 ponere
576 2186 695 2214 verae
725 2176 764 2214 et
796 2170 947 2214 solidae
977 2171 1216 2215 cruditionis
1242 2170 1335 2215 fun-

179 2245 416 2287 damentum
443 2250 490 2286 ut
516 2244 770 2299 antiquitatis
795 2243 929 2285 studia
952 2244 1002 2285 ad
1024 2258 1142 2286 sanae
1165 2245 1333 2286 rationis

178 2318 480 2375 simplicitatem
522 2322 776 2361 revocentur.
835 2316 1091 2375 Intelligendi
1130 2319 1333 2375 interpre-
