1572 2801
699 265 785 309 125

146 399 246 438 dem
275 400 508 451 scriptorum
522 426 533 446 ‚
563 400 635 452 qui
659 401 700 438 in
730 399 1003 437 vetustioribus
1028 397 1138 436 libris
1165 403 1335 440 exstent,

160 478 362 516 perpauca
391 471 543 504 tantum
577 478 657 503 esse
686 478 791 517 quae
817 477 909 503 cum
936 465 1082 516 ‘aliquo
1116 464 1267 502 fructu·
1286 461 1340 501 ad

160 529 475 567 constituendam
514 528 880 579 emendandamque
928 529 1145 565 orationem
1191 528 1340 578 possint

163 594 339 632 adhiberi
368 594 548 643 adeoque
577 594 733 645 excerpi
762 599 800 631 et
826 593 1145 631 edimereantur.
1175 591 1338 630 Necesse

163 664 217 696 est
257 665 300 696 ut
340 670 604 708 unaquaeque
639 658 756 695 lectio
790 658 851 695 vel
890 657 1110 694 emendatio
1146 662 1253 693 certo
1289 669 1338 694 ac

158 722 287 761 stabili
310 722 447 761 veteris
467 722 708 759 monumenti
732 721 987 759 fundamento
1007 720 1176 759 nitatur:
1206 727 1246 759 at
1269 721 1339 760 ubi

161 787 240 824 hoc
274 787 389 823 semel
415 786 578 823 firmiter
610 785 847 823 substratum
880 792 935 823 est
969 786 1141 836 reliquas
1170 786 1342 824 sutilium

163 851 352 889 librorum
383 851 570 900 ineptias,
602 862 706 900 quae
732 849 830 887 nihil
853 849 1037 901 prodesse
1063 856 1246 901 possunt,
1276 852 1345 889 sed

160 921 326 952 onerant
365 920 517 951 nostros
556 914 696 959 libros,
740 915 904 951 lectores
941 915 1087 964 peritos
1127 921 1165 952 et
1207 922 1344 954 acutos

162 979 390 1017 obtundunt
440 984 478 1015 et
522 983 711 1023 enecant,
765 977 965 1028 imperitos
1010 984 1047 1015 et
1089 979 1343 1031 simpliciores

159 1044 417 1081 ludificantur
452 1049 489 1079 et
526 1048 694 1093 angunt,
732 1054 866 1080 omnes
910 1042 1149 1083 abiiciendas
1187 1059 1342 1084 censeo.

165 1108 416 1160 Quicumque
451 1108 491 1144 in
530 1106 734 1144 codicibus
770 1106 941 1158 legendis
978 1109 1144 1147 multum
1171 1117 1343 1148 versatus

157 1181 240 1220 est,
269 1176 299 1212 si
325 1187 445 1225 quem
471 1173 651 1211 codicem
678 1173 738 1211 vel
766 1172 892 1209 obiter
922 1173 1110 1223 inspexit,
1132 1183 1339 1214 «sexcentas

158 1240 348 1277 lectiones
378 1240 531 1277 vitiosas
565 1251 612 1275 ex
642 1250 689 1274 eo
716 1237 941 1287 proditur-as
968 1245 1074 1276 certa
1115 1241 1342 1278 coniectura

160 1304 392 1355 praecipere
426 1303 583 1354 poterit.
634 1302 732 1340 Sunt
767 1314 871 1353 quae
907 1302 947 1340 in
980 1304 1161 1342 omnibus
1197 1306 1345 1358 pariter

159 1368 288 1413 ¹Codd.
318 1370 477 1421 peccari
503 1369 672 1406 soleant:
712 1368 767 1405 sic
802 1368 934 1405 nullus
966 1377 1140 1420 superest
1168 1371 1341 1410 Graecus

162 1433 260 1472 liber
285 1434 326 1472 in
351 1447 433 1486 quo
462 1446 541 1471 non
572 1433 726 1485 saepius
757 1434 887 1484 inepte
914 1434 1075 1472 confusa
1108 1436 1181 1474 sint
1214 1437 1336 1476 haec:

163 1515 311 1551 αι-ε,
338 1515 475 1550 ει-ι,
502 1514 648 1552 ῃ-ει,
676 1513 804 1549 η--ι,
831 1510 977 1550 ο-ω,
1004 1514 1143 1539 οι-υε
1181 1501 1223 1539 in
1256 1515 1338 1553 quo

160 1577 241 1603 non
275 1578 483 1617 perperam
520 1568 776 1601 consonantes
813 1562 870 1600 bis
903 1564 1019 1602 scribi
1059 1567 1230 1613 soleant,
1270 1568 1339 1607 ubi

161 1631 279 1668 semel
317 1636 426 1668 erant
461 1629 690 1667 scribendae
724 1636 762 1666 et
797 1636 958 1674 contra,
1001 1637 1042 1668 ut
1074 1633 1113 1670 in
1144 1632 1247 1672 οὐδέν
1280 1650 1338 1686 μοι

159 1696 280 1750 μέλλει
308 1691 386 1734 [aut
419 1694 617 1751 ἐρριμένος,
656 1695 754 1747 λῆμα
781 1701 818 1732 et
845 1695 1051 1733 similibus:
1088 1698 1128 1735 in
1155 1711 1237 1749 quo
1258 1712 1340 1739 non

157 1762 469 1812 permisceantur
490 1759 614 1810 βαλεῖν
626 1782 679 1788 —
691 1760 813 1812 λαβεῖν
822 1793 838 1812 ,
860 1762 1071 1802 καταθεῖναι
1080 1787 1132 1793 —
1144 1767 1308 1806 καθεῖναι
1317 1800 1335 1819 ,

164 1825 340 1880 σύμβολον
369 1848 422 1854 -—
453 1824 673 1878 σύμβουλον,
709 1827 812 1881 παρά
843 1846 897 1853 —
927 1826 1010 1882 περί
1015 1860 1032 1882 ³
1068 1831 1156 1883 πρός
1186 1852 1240 1869 ,-.
1266 1834 1336 1888 πρό

162 1901 200 1933 et
238 1889 420 1932 sexcenta
456 1893 546 1931 alia:
586 1893 727 1932 deinde
758 1893 958 1945 quidquid
989 1897 1232 1949 compendiis
1268 1907 1338 1940 aut

158 1960 261 2012 siglis
287 1958 488 1997 scribitur:
522 1959 641 1998 verbo
676 1959 847 2012 denique
878 1961 1079 2012 quidquid
1113 1967 1335 2005 somnolen-

161 2031 245 2063 tum
277 2026 580 2064 homuncionem
617 2038 709 2064 cum
744 2026 875 2064 taedio
908 2040 1012 2077 quae
1042 2041 1122 2067 non
1157 2030 1336 2083 intelligit

149 2092 433 2145 depingentem
451 2092 582 2143 potius
604 2104 725 2142 quam
744 2090 1026 2129 describentem
1049 2093 1183 2132 fallere
1199 2097 1334 2146 possit.

148 2158 266 2197 -Haec
284 2158 420 2196 omnia
445 2157 601 2196 criticos
620 2158 662 2196 in
686 2163 890 2196 numerato
916 2157 1062 2196 habere
1085 2166 1261 2211 oportet,
1292 2167 1334 2201 at

150 2218 320 2275 ‚siugulis
345 2225 440 2263 locis
476 2224 548 2261 ista
576 2224 800 2276 appendere
826 2236 907 2262 non
934 2224 1053 2263 modo
1081 2226 1217 2265 inutile
1251 2241 1333 2267 esse

150 2291 378 2337 «contendo,
418 2291 489 2330 sed
523 2291 687 2330 multum
726 2290 877 2329 critices
914 2291 1044 2330 studio
1077 2293 1255 2332 nocuisse
1293 2301 1333 2334 et

155 2366 300 2395 nocere
326 2358 417 2398 satis
439 2358 548 2412 apud
570 2370 632 2398 me
653 2363 819 2397 constat.
849 2358 1009 2398 Scilicet
1035 2359 1128 2399 hinc
1150 2361 1331 2415 plerique
