1572 2801
733 225 818 268 111

178 356 288 409 λόγων
318 368 394 407 pro
419 359 500 396 ἄνευ
534 343 591 399 λο
621 358 777 413 (λόγου).
809 359 829 411 §
855 358 924 397 91.
952 357 1152 414 πρεσβύτου
1172 382 1225 388 -
1241 372 1359 414 σοφω-

181 463 293 501 τάτου
325 474 397 513 pro
430 452 570 520 πρεσβυ
597 488 650 494 —
674 471 767 517 σοφὼ
800 463 1015 554 (πξεσβύτης
1037 487 1091 495 --
1115 463 1352 520 σοφώτατος.)

182 537 213 590 §
236 538 300 578 94.
342 541 570 597 ἀκρατήσεως
605 553 681 592 pro
691 530 863 632 χάκρατη
912 541 1171 596 (ἀκρατητως).
1210 541 1230 593 §
1265 541 1352 581 179.

179 618 342 674 ἀπείρους
371 619 434 672 μὲν
459 622 542 672 ἕχον
569 631 644 672 pro
672 595 717 658 ἐ
749 615 869 670 (ἔχει).
909 617 929 669 §
961 618 1051 656 250.
1089 619 1190 671 λόγον
1227 617 1354 658 ουὸένα

178 698 422 751 ποιησαμένων
460 702 530 737 τῶν
568 696 707 737 πολλῶν
744 709 819 748 pro
854 668 900 735 ³3⁸0
937 695 1102 748 (πόλεων)
1145 703 1183 734 et
1219 697 1355 734 similia

175 762 331 813 passim.
380 763 487 801 Alios
518 776 666 801 errores
694 763 796 800 fudit
828 762 1132 799 describentium
1166 762 1261 798 alias
1296 774 1357 798 res

175 826 372 877 agentium
394 827 594 872 socordia,
622 827 690 865 ubi
717 827 758 864 in
780 826 996 877 archetypo
1020 834 1073 864 est
1097 840 1188 865 vera
1213 827 1351 872 lectio,

175 896 218 928 ut
244 890 264 943 ᾗ
292 891 351 929 18.
381 894 459 932 οὔτε
478 892 708 931 &avocaverat
726 896 797 931 τῶν
816 890 906 930 καθ’
926 891 1049 931 ἔαυτόν
1066 892 1250 938 barbare,
1278 904 1352 943 pro

174 959 357 1010 ἄκουσμα.
388 957 408 1011 §
429 958 493 996 36.
525 957 563 998 ἐκ
587 962 647 998 τοῦ
668 958 798 1004 ὕδατος
817 970 890 1010 pro
914 956 1026 1004 ἐκτός.
1052 956 1153 1010 §91.
1183 960 1353 1010 σεμνοτά-

175 1038 245 1064 των
270 1038 345 1077 pro
375 1028 630 1079 σεμνωμοὶτων.
660 1024 680 1078 §
709 1026 796 1065 123.
821 1029 891 1065 τῶν
919 1023 977 1064 ε’πί
1006 1031 1066 1071 τῆς
1096 1027 1229 1076 μνήμης
1257 1040 1348 1077 γινο-

171 1088 282 1141 μένων
319 1101 392 1142 pro
428 1091 498 1134 τοῖς
532 1093 704 1143 μνήμασι.
743 1088 879 1141 3236.
918 1092 1200 1140 συγκαταὲεἴναι
1231 1092 1276 1135 εἰς
1310 1091 1349 1129 τὸ

170 1158 320 1196 τοιοῦτον
340 1169 415 1208 pro
437 1157 687 1209 συγκαὲεΐναι.
719 1153 739 1207 §
771 1153 856 1191 194.
885 1155 993 1200 οὕτως
1014 1154 1347 1196 δυσκαταΈετοι-

169 1220 255 1275 πρὸς
283 1222 348 1267 τὰς
374 1220 484 1275 φιλίας
490 1252 509 1272 ,
535 1233 626 1259 vera
653 1220 771 1257 lectio
797 1219 891 1256 latet
914 1219 956 1258 in
981 1222 1174 1271 scriptura
1199 1223 1348 1260 codicis

166 1285 507 1339 δυσυγκατάθετοι,
533 1298 675 1339 nempe
699 1284 993 1339 δυσσυγκάὲετοι
1018 1286 1268 1326 scribendum
1292 1289 1347 1327 in-

166 1351 313 1405 telliget
335 1353 405 1405 qui
434 1352 642 1391 contulerit
671 1350 945 1389 Hemsterhusii
968 1358 1103 1390 notam
1128 1354 1179 1391 ad
1206 1353 1343 1393 Thom-

167 1417 338 1470 Magistr.
369 1432 411 1470 p.
436 1417 527 1457 815.
572 1417 679 1467 Quid
702 1423 756 1455 est
781 1418 900 1470 igitur
923 1420 1044 1470 magis
1070 1419 1181 1458 futile
1208 1426 1245 1458 et
1270 1422 1345 1459 mi-

164 1496 239 1521 nus
263 1484 515 1536 profuturum
549 1485 687 1530 literis,
728 1496 851 1535 quam
883 1484 1127 1535 reliquorum
1161 1487 1346 1525 codicum

165 1555 203 1588 et
228 1549 444 1588 editionum
471 1548 674 1600 scripturis
700 1547 837 1586 sedulo
871 1548 1046 1587 collectis
1077 1549 1242 1589 lectores
1272 1552 1346 1591 ob-

163 1616 328 1653 tundere
347 1622 385 1653 et
407 1615 523 1652 etiam
546 1615 743 1652 interdum
769 1614 915 1652 fallere.
946 1616 1176 1654 Subirascor
1197 1619 1347 1669 aliquo-

164 1680 234 1720 ties
260 1680 328 1719 ubi
356 1680 470 1720 video
498 1681 707 1732 scriptores
734 1678 903 1718 Graecos
938 1682 1190 1720 tumultuaria
1223 1695 1344 1735 opera

164 1746 228 1783 edi
256 1746 306 1783 ab
326 1746 545 1790 nonnullis,
576 1745 722 1795 quibus
748 1751 900 1782 tantum
926 1746 1031 1783 abest
1058 1754 1099 1784 ut
1128 1748 1272 1786 Critica
1298 1751 1345 1786 sit

165 1810 295 1858 πολλῆς
326 1811 449 1869 πείρας
479 1809 676 1852 τελευταῖον
703 1809 939 1865 ἐπιγέννημα,
976 1818 1019 1850 ut
1051 1812 1189 1852 contra
1224 1814 1344 1853 veluti

162 1879 386 1917 tirocinium
428 1878 607 1917 videatur
645 1890 745 1923 esse,
789 1879 830 1916 in
866 1891 948 1929 quo
984 1879 1112 1929 prima
1146 1881 1346 1919 literarum

160 1935 350 1983 elementa
379 1939 597 1983 addiscant.
648 1942 847 1996 Hi'igitur
874 1944 929 1981 nil
959 1943 1031 1982 nisi
1060 1944 1251 1984 variantes
1287 1947 1340 1985 le-

163 2009 313 2051 ctiones
339 2026 360 2051 e
384 2012 653 2051 recentissimis
681 2012 919 2064 apographis
950 2019 1017 2050 aut
1040 2011 1233 2050 veteribus
1258 2013 1342 2051 edi-

163 2075 334 2115 tionibus
368 2077 604 2124 corradunt‚
642 2080 809 2129 optimas
848 2078 1034 2116 lectiones
1064 2083 1102 2114 et
1133 2077 1342 2128 palmarias

163 2141 454 2181 emendationes
480 2156 502 2181 a
529 2143 686 2181 summis
713 2138 857 2181 criticis
885 2149 1056 2195 repertas
1091 2148 1128 2180 et
1155 2142 1342 2195 probatas

159 2205 356 2245 fastidiose
391 2208 591 2253 reiiciunt,
633 2208 871 2260 »vulgatam
902 2209 1074 2261 probam
1112 2209 1221 2246 πεδ’
1261 2215 1341 2247 tam

159 2270 405 2313 confidenter
422 2288 544 2328 quam
560 2275 740 2328 imperite
762 2277 1074 2327 pronuntiantes,
1092 2275 1205 2314 simul
1224 2275 1338 2327 quid-

98 2393 103 2399 .
154 2337 254 2390 quid
282 2338 333 2378 ab
363 2340 455 2392 ipsis
480 2341 541 2379 vel
570 2341 611 2379 in
640 2341 910 2380 recentissimis
934 2347 971 2379 et
999 2341 1185 2393 pessimae
1219 2348 1338 2381 notae
