1572 2801
757 172 845 217 106

197 316 322 356 quum
357 302 411 341 ob
449 303 588 341 ocutos
624 303 788 342 haberet
809 303 945 342 ,homo
979 303 1181 355 stupidus:
1221 305 1385 347 EANE-

202 367 1242 416 ΓΩΔΙΑΡΡΑΓΩΟΥΔΕΝΜΟΝΗΟΕῙΠΕΙΘΙΘΔΡ
1250 371 1355 410 ΡΩΝ
1366 401 1385 422 ,

199 459 360 500 prorsus
376 446 486 485 'nihil
512 458 559 484 ex
588 444 647 484 his
674 432 892 499 intelligens
917 446 1093 499 scripsit:
1109 442 1385 503 -εανεγωδιαρ-

199 535 315 578 ραγω
333 517 446 562 ουδεν
463 531 594 576 μονησ
611 533 641 560 ει
662 516 780 560 πειθει’
801 516 969 577 θαρρων.
1002 512 1107 562 hine
1135 524 1177 563 in
1214 522 1384 579 apogra-

198 591 287 643 phis
325 591 487 643 legitur:
526 588 600 628 ε’ἀν
618 587 1049 646 ’ἔγώἐδιαρραγῶμζούδὲν
1083 592 1188 645 μόνης
1221 591 1250 631 εἰ
1279 590 1386 631 πείθει

198 658 352 714 θαρρῶν.
378 657 483 695 unde
508 655 698 695 canterus
720 657 803 695 πῖθι
813 690 831 711 ,
858 652 1063 697 Piersonus
1085 656 1188 698 οὐδέν
1210 658 1249 711 μ’
1272 658 1386 701 ὀνήσει

199 724 466 761 restituerunt.
523 719 645 760 Paulo
665 728 771 775 vpost
807 735 906 777 pro:
954 723 1384 765 HACINAKPATOY-

198 787 647 841 MENOCONI'EYMA
674 802 853 854 scripsit:
889 790 1320 856 πᾶσινακρατούμενοσ.
1338 792 1381 838 ὂν

200 873 349 931 γεῦμα.
401 877 553 916 Auctor
577 878 792 931 Epitomes‚
820 878 955 917 infelix
976 879 1195 918 coniector:
1224 881 1383 936 ἀκράτου

198 945 315 997 μέρος.
352 947 467 994 γεῦμα
496 944 707 993 rescripsit.
748 944 895 981 Verum
924 943 1020 981 vidit
1056 944 1382 983 Valckenaerius:

199 1007 363 1060 ἀκράτου
390 1006 452 1060 μὲν
479 1009 562 1045 ὅσον
594 1010 727 1061 γεῦμα.
770 1006 818 1045 Et
843 1007 899 1045 sic
928 1018 1002 1059 per
1036 1019 1170 1046 omnes
1196 1008 1390 1048 Athenaei

197 1072 318 1110 libros
340 1075 476 1125 ingens
499 1072 648 1125 ubique
672 1080 727 1111 est
750 1073 929 1112 locorum
951 1085 1137 1111 numerus
1166 1075 1387 1114 incredibili

200 1138 382 1177 socordia
410 1139 739 1191 depravatorum,
770 1139 841 1192 qui
868 1138 1079 1186 manifestis
1104 1139 1388 1180 emendationi-

200 1204 275 1243 bus
311 1207 476 1245 restituti
512 1213 602 1245 sunt
629 1213 698 1245 aut
724 1206 996 1250 restituentur,
1040 1204 1109 1243 ubi
1141 1207 1258 1245 semel
1288 1204 1387 1245 conss

201 1269 318 1307 stabit
345 1270 396 1308 de
418 1272 596 1321 genuinis
620 1272 809 1322 antiquae
832 1270 1050 1321 scripturae
1071 1269 1264 1322 reliquiis,
1287 1284 1389 1324 quas

200 1334 342 1373 unicus
375 1334 502 1373 codex
532 1335 710 1373 servavit.
759 1334 808 1372 In
843 1333 920 1372 hac
952 1333 1038 1387 ipsa
1057 1328 1216 1386 pagina
1240 1333 1323 1375 '693
1349 1349 1385 1375 c.

199 1399 314 1436 nimis
338 1399 472 1449 inepte
498 1398 632 1436 adhuc
659 1399 842 1450 legimus:

269 1461 370 1517 ἐκπίῃ
397 1461 510 1509 δέπας
536 1463 618 1520 πρὶν
644 1463 790 1517 ἀγαθοῦ
819 1461 982 1515 δαίμονος
1008 1466 1150 1515 πρῶτον
1177 1461 1314 1515 λαβεῖν.

204 1541 362 1579 Codex:
386 1534 698 1584 ·εκπεπιηδεκασ.
742 1541 848 1592 lege:
877 1538 1145 1584 ἐκπεπήδηκας.
1174 1553 1218 1591 p.
1244 1539 1325 1578 694
1347 1540 1386 1579 b.

205 1612 337 1653 πάντες
370 1605 435 1660 μὲν
466 1604 566 1660 ᾖδον.
600 1606 639 1646 οὐ
675 1607 745 1659 μὴν
775 1605 879 1645 ἀλλά
911 1621 953 1659 γε
987 1608 1087 1645 κατά
1120 1620 1197 1646 τινα
1232 1605 1391 1662 περίοδον

204 1674 245 1715 ἐκ
270 1674 462 1726 διαδοχῆς.
507 1673 666 1711 Scribe:
703 1672 742 1712 οὐ
771 1675 839 1726 μὴν
871 1677 951 1725 ἅμα
981 1687 1021 1725 γε
1051 1671 1150 1711 ἀλλὰ
1181 1674 1281 1712 κατά
1312 1673 1386 1713 κτὲ.

203 1742 296 1794 Pag.
318 1740 399 1779 694
424 1752 460 1777 c.
490 1751 585 1790 pro:

394 1803 556 1844 Πλούτου
583 1802 707 1857 μητέρ’
733 1802 934 1856 Ὀλυμπίαν
959 1801 1069 1842 ἀείδω

393 1869 568 1924 Δήμητρα
595 1872 842 1926 ςεφανηφόροις
868 1869 904 1910 ἐν
930 1873 1041 1925 ὥραις

393 1940 440 1975 σε’
460 1951 498 1976 τε
525 1939 599 1976 παῖ
620 1938 702 1982 Διὸς
711 1968 728 1988 ,
754 1938 985 1992 Περσεφόνη,

394 2003 587 2058 χαίρετον,
615 1998 652 2042 εὖ
676 2002 721 2043 δὲ
747 2001 852 2043 τάνδ’
878 2002 1079 2057 ἀμφέπετον
1104 1999 1218 2042 πόλιν.

259 2080 432 2130 scripsit:
487 2070 1389 2131 πλουτουμητερολυμπιανειδωδημητρας-εςε-

207 2146 513 2209 φανηφόροισρ
529 2164 737 2208 φερσεφονη
754 2171 816 2179 --
831 2147 1106 2207 τανδαμφετον
1123 2143 1258 2205 πόλιν,
1286 2155 1392 2193 unde

204 2223 341 2259 saltem
375 2222 570 2278 Φερσεφόνη
605 2221 893 2272 recipiendum:
923 2225 1061 2257 eontra
1097 2218 1310 2258 barbarum
1335 2225 1392 2257 est

208 2287 404 2343 Δημήτραν
441 2287 552 2340 quod
586 2287 831 2326 Hei-mannus
863 2284 1081 2338 reponebat
1113 2284 1306 2338 deceptus
1342 2284 1393 2323 ab
