1572 2801
710 309 798 355 159

170 451 342 484 terarum
364 444 498 483 studiis
524 445 605 483 toti·
617 443 721 490 estis,
748 455 799 481 ne
824 442 939 481 facile
962 449 1031 482 aut
1057 442 1126 481 diu
1153 442 1212 482 his
1238 441 1349 481 frau-

166 511 282 550 dibus
304 524 350 549 ac
374 511 537 549 fallaciis
560 510 822 561 decipiamini.
870 510 1075 561 Quidquid
1099 511 1252 561 scripsi,
1277 522 1348 548 vo·

164 578 224 617 bis
250 585 339 617 ante
361 578 491 616 omnia
514 578 661 629 scripsi.
718 576 832 614 Nunc
859 577 935 614 iam
958 578 1119 629 incipite
1147 590 1251 627 quae
1277 590 1344 615 ve-

162 658 229 690 ra,
259 657 363 696 quae
394 651 520 689 certa,
550 657 653 695 quae
679 643 847 694 pulchra
874 645 947 681 sint
975 645 1024 682 ab
1055 646 1137 682 aliis
1164 644 1345 682 omnibus

162 714 270 747 recte
304 708 514 760 cogitando
542 721 588 745 ac
621 713 800 746 naturam
827 708 968 746 ducem
996 715 1034 747 et
1061 722 1193 746 sanam
1223 709 1342 746 ratio-

166 789 256 813 nem
283 775 483 825 sequendo
515 774 768 825 distinguere:
797 774 1007 826 ingenitam
1030 776 1189 827 singulis
1215 775 1342 812 homi·

165 839 280 877 nibus
298 851 429 876 sanam
450 844 616 876 mentem
637 844 673 876 et
693 839 895 877 iudicandi
917 841 1144 878 facultatem
1163 840 1341 877 doctrina

168 904 439 943 corroborate:
481 917 615 942 eorum
653 905 867 950 levitatem,
916 907 985 957 qui
1025 920 1129 958 quae
1167 907 1229 944 vix
1271 920 1344 957 gu-

168 970 352 1008 staverint
389 969 438 1006 de
472 969 515 1006 iis
551 969 679 1006 statim
716 969 833 1007 libros
861 971 1027 1009 scribere
1063 971 1345 1023 aggrediuntur

166 1037 221 1074 sic
258 1036 515 1081 contemnite,
559 1041 600 1072 ut
634 1036 706 1086 ipsi
743 1036 810 1073 diu
849 1038 1095 1089 multumque
1132 1039 1171 1075 in
1209 1037 1346 1074 iisdem

167 1115 319 1154 semper
352 1102 468 1139 rebus
502 1114 549 1139 ac
585 1102 718 1139 studiis
749 1104 884 1140 versati
925 1104 1082 1142 tandem
1117 1104 1234 1155 longo
1271 1116 1343 1139 usu

169 1175 276 1207 certa
303 1175 340 1207 et
367 1170 414 1209 τὰ
449 1169 543 1209 αὐτὰ
572 1168 628 1207 dei
660 1168 735 1223 περὶ
764 1174 833 1209 τῶν
859 1170 975 1210 αὐτῶν
1004 1170 1223 1221 proferatis.
1277 1169 1343 1207 Sic

169 1235 325 1273 demum
349 1242 512 1287 prosunt
533 1236 700 1279 Literae‚
727 1247 800 1272 nec
825 1242 976 1273 tantum
1003 1235 1233 1286 aequalibus
1253 1248 1344 1272 vera

169 1301 237 1338 sed
263 1301 444 1338 omnibus
469 1299 618 1349 ubique
653 1299 722 1349 qui
750 1312 880 1337 veram
912 1300 1193 1338 humanitatem
1220 1312 1344 1351 quae-

166 1371 257 1403 runt
290 1366 432 1403 cecinit
461 1363 685 1414 Euripides:

436 1433 510 1475 ὅςις
537 1429 607 1474 νέος
635 1428 683 1467 ὢν
709 1429 863 1469 Μουσῶν
888 1430 1017 1482 α’μελεΐ

390 1521 392 1523 ·
438 1499 496 1536 τόν
525 1510 562 1534 τε
590 1495 800 1551 παρελθόντ’
830 1496 995 1535 α’πόλωλε
1023 1500 1145 1552 χρόνον

516 1561 576 1603 καὶ
604 1563 661 1603 τὸν
688 1563 859 1616 μέλλοντα
886 1565 1066 1607 τέθνηκεν.
