1572 2801
731 190 820 234 144

187 334 322 373 netur,
353 331 396 363 ut
424 325 466 363 in
493 325 552 362 his
577 323 751 363 versibus
778 322 1069 376 Aristophanis:

256 394 329 433 Av.
362 393 451 431 122.
482 395 603 447 ὥσπερ
630 391 777 448 σισύραν
795 389 1096 444 ’ἐγκατακλινῆναι
1123 389 1331 443 μαλθακήν.

257 460 377 510 Vesp.
400 457 496 496 846.
524 457 590 514 εἶφ’
618 457 716 503 ἑςίας
741 456 940 512 ἐρχόμενος
966 454 1138 511 ἐπιτρίψω
1167 458 1261 496 τινά.

183 533 251 566 aut
276 526 404 579 prima
429 524 578 576 dactyli
603 524 752 579 syllaba
778 530 834 562 est
860 525 901 562 in
928 536 1111 568 caesura,
1142 529 1187 561 ut
1214 525 1256 562 in
1281 517 1362 563 his:

281 593 354 630 Av.
384 591 446 628 14.
483 591 501 630 ὁ
529 590 777 636 πινακοπώλης
804 590 1026 647 Φιλοκράτης
1051 589 1288 644 μελαγχολᾶν]

211 686 213 688 -
282 659 403 711 Vesp.
428 656 519 696 850.
558 656 629 711 ἐγὼ
656 656 692 698 δ’
720 658 897 706 οἰλοκίζειν
922 656 1069 711 ἐδεόμην
1095 658 1136 698 τὸ
1163 658 1309 715 χωρίον.

184 725 361 765 Eandem
394 724 519 775 legem
554 725 732 775 sequitur
767 724 988 775 tribrachys
1021 725 1062 762 in
1080 723 1231 762 'eadem
1256 724 1367 763 sede:

186 792 360 831 similiter
381 790 422 828 in
449 789 540 828 sede
566 791 707 842 quinta
730 798 935 843 ponuntur
961 790 1141 843 dactylus
1166 797 1204 829 et
1227 791 1370 830 tribra-

186 860 283 910 chys
306 857 414 910 apud
436 856 635 903 Comicos,
661 857 881 909 tribrachys
905 859 1013 910 apud
1032 856 1234 910 Tragicos,
1261 858 1371 911 apud

184 938 287 978 quos
313 924 497 974 dactylus
523 924 565 961 in
598 925 711 961 tertia
748 924 839 961 sede
874 924 955 961 fere
979 935 1134 976 semper
1159 925 1214 962 ita
1246 922 1371 962 collo-

186 997 320 1036 catur,
361 995 405 1027 ut
444 990 571 1041 prima
605 989 833 1040 syllaba.in
869 1002 1031 1028 caesura
1069 991 1137 1036 sit,
1179 990 1370 1029 rarissime

185 1057 309 1109 idque
337 1056 417 1093 fere
443 1056 485 1094 in
512 1055 671 1094 nomine
697 1056 861 1109 proprio
898 1063 942 1094 ut
969 1061 1074 1095 totus
1107 1056 1243 1095 eadem
1269 1069 1369 1096 voce

186 1124 448 1162 contineatur.
498 1122 566 1159 His
600 1123 719 1174 igitur
756 1122 939 1161 omnibus
974 1123 1155 1161 fraudem
1193 1129 1372 1161 tenemus

185 1189 432 1227 manifestam
456 1193 494 1225 et
521 1186 824 1239 Aristophanem
850 1188 993 1240 putido
1022 1189 1290 1228 additamento
1325 1190 1372 1227 li-

185 1255 325 1293 berare
351 1254 563 1305 potuimus.
602 1253 737 1291 Eidem
757 1255 875 1290 etiam
905 1253 997 1290 alibi
1025 1254 1138 1291 simili
1169 1255 1289 1292 modo
1318 1261 1373 1292 est

185 1317 512 1358 succurrendum.
553 1318 581 1355 F
584 1318 733 1356 eb'citer
758 1318 932 1355 eiusdem
954 1319 1104 1370 generis
1125 1318 1254 1357 labem
1281 1320 1373 1357 ami-

186 1399 259 1425 cus
286 1385 451 1438 quidam
473 1396 583 1421 meus
604 1383 865 1435 deprehendit
884 1385 926 1423 in
949 1385 1008 1423 his
1034 1385 1208 1424 versibus
1229 1385 1373 1437 Vespa-

186 1464 275 1490 rum
301 1449 398 1489 260.
427 1462 517 1501 sqq.

299 1517 363 1557 οὐκ
390 1515 470 1556 ἔσθ’
499 1518 592 1561 ὅπως
620 1515 689 1568 οὐχ
715 1517 855 1570 ἡμερῶν
882 1520 1064 1572 τεττάρων
1090 1506 1298 1563 τὸπλεῖς-ον

299 1583 398 1640 ὕδωρ
426 1582 633 1636 α’ναγκαίως
661 1584 736 1635 ἔχει
761 1582 819 1621 τὸν
845 1582 938 1622 θεὸν.
952 1589 1105 1625 ποιῆσαι·

299 1654 405 1691 ἔπεισι
432 1654 516 1703 γοῦν
544 1651 652 1689 τοῖσιν
678 1650 820 1702 λύχνοις
843 1649 952 1689 οὑτοιῒ
977 1651 1139 1703 μύκητες.

305 1718 417 1773 [φιλεῖ
435 1717 473 1757 δ’
500 1721 584 1756 ὅταν
612 1717 704 1756 τοῦτ’
731 1715 754 1770 ᾖ
780 1719 886 1756 ποιεῖν
913 1716 1013 1756 ὑετὸν
1037 1716 1235 1769 μάλιζαζ]τ

191 1786 247 1824 sic
275 1785 399 1823 edidit
426 1783 671 1822 Dindorfius:
715 1783 756 1820 in
789 1783 939 1834 optimo
970 1783 1110 1821 codice
1146 1783 1376 1822 Ravennate

192 1853 384 1903 scriptum
416 1859 471 1890 est
500 1853 580 1889 sine
607 1857 752 1888 metro:
791 1851 885 1905 φιλεῖ
909 1849 947 1889 δ’
981 1854 1068 1889 ὅταν
1095 1849 1117 1903 ᾖ
1146 1848 1240 1888 τουτὶ
1271 1851 1379 1888 ποιεῖν

191 1918 210 1957 ὁ
239 1917 328 1963 Ζεὺς
354 1917 452 1958 ὑετὸν
484 1916 641 1970 μάλις-α.
692 1916 758 1954 Est
786 1921 919 1954 autem
955 1916 1265 1954 additamentum
1297 1916 1381 1967 pri-

191 1998 300 2023 mum
337 1997 495 2037 prorsus
531 1993 822 2034 supervacuum
858 1987 979 2032 atque
1015 1981 1116 2019 adeo
1147 1981 1379 2033 languidum

193 2058 231 2090 et
257 2052 436 2104 ineptum
463 2049 606 2089 deinde
633 2061 713 2086 non
744 2049 834 2086 satis
869 2048 1080 2096 Graecum,
1111 2061 1243 2101 neque
1275 2049 1379 2087 enim

192 2120 288 2159 ποιεῖ
313 2118 409 2159 ὑετόν
444 2130 518 2169 pro
555 2118 648 2156 ποιεῖ
669 2114 767 2171 ὕδωρ
794 2122 901 2154 recte
942 2115 1089 2154 dicitur
1121 2127 1253 2166 neque
1287 2116 1381 2155 ποιεῖ

194 2184 294 2241 ὕδωρ
319 2186 459 2224 omisso
484 2184 502 2223 ὁ
530 2184 618 2229 Ζεύς
644 2184 704 2222 vel
731 2182 750 2222 ὁ
776 2184 859 2229 ,θεός
881 2182 961 2221 dici
985 2182 1103 2227 solet,
1132 2193 1263 2233 neque
1290 2184 1376 2222 ὅταν

194 2251 290 2290 τοῦτ’
318 2249 341 2304 ᾖ
368 2263 442 2303 pro
469 2254 573 2290 τοῦτο
601 2250 741 2302 γένηται
769 2249 869 2287 bene
897 2248 1017 2286 habet
1040 2254 1077 2295 et
1102 2247 1234 2285 Attico
1258 2254 1378 2299 poeta

195 2316 360 2369 dignum
388 2323 466 2356 est:
496 2316 671 2369 denique
698 2314 839 2368 μέλις-α
865 2320 933 2354 aut
959 2325 1034 2367 pro
1060 2312 1108 2360 ὡς
1134 2311 1174 2353 τὸ
1202 2312 1292 2353 πολύ
1313 2326 1382 2366 po-
