1572 2801
721 201 777 243 45

152 353 266 380 casca
307 344 444 377 essent.
499 336 697 388 Longinus
737 334 846 385 apud
887 334 1085 372 waizium
1123 334 1163 372 in
1199 334 1334 373 Rhea.

128 408 131 411 ’
155 407 221 446 Gr.
246 406 355 443 Tom.
388 405 455 443 lx.
490 418 529 456 p.
554 401 646 441 560.
675 399 858 458 πεφύλαξο
886 399 928 439 δὲ
960 404 1029 445 τοῖς
1064 400 1141 440 λίαν
1173 402 1336 456 ἀρχαίοις

159 470 219 510 καὶ
273 468 377 516 ξένοις
424 474 495 509 τῶν
536 469 722 520 ὀνομάτων
771 466 1012 518 καταμιαίνειν
1052 467 1091 506 τὸ
1126 472 1232 519 σῶμα
1273 472 1336 512 τῆς

156 534 298 583 λέξεως.
352 535 389 573 Is
439 546 531 574 vero
578 532 843 583 pulcherrime
892 538 930 569 et
978 533 1126 583 optime
1170 533 1340 570 scribere

153 601 392 653 putabatur,
433 599 503 649 qui
536 598 709 649 linguam
742 602 915 635 veterum
943 597 1184 644 Atticorum,
1216 612 1339 650 quam

152 667 278 705 multo
321 664 450 703 studio
490 676 536 701 ex
565 674 700 700 eorum
724 662 834 715 Vlibris
872 663 1090 708 didicerat,
1130 665 1339 702 commode

151 728 308 784 poterat
341 730 496 768 imitari.
538 728 641 766 Audi
668 728 897 766 suadentem
923 729 1143 767 Lucienum
1170 743 1210 779 p.
1245 729 1339 768 347.

154 799 248 852 ε”περ
288 797 346 852 ἄρ’
391 795 525 839 ἐθέλεις
566 795 612 839 ὡς
654 794 805 839 ἀληθῶς
852 795 1076 834 ἐπαινεῖσθαι
1120 794 1177 833 ἐπὶ
1223 794 1336 847 λόγοις

154 885 208 891 --
233 860 432 916 ἀρξάμενος
458 859 531 898 ἀπὸ
564 863 634 897 τῶν
669 858 805 914 ἀρίς-ων
840 864 991 904 ποιητῶν
1024 859 1197 911 α’ναγνοὺς
1228 860 1336 911 μέτιθι

153 926 210 966 ἐπὶ
248 926 326 971 τοὺς
363 926 512 982 ῥήτορας
551 923 611 963 καὶ
649 930 692 975 τῇ
736 923 869 964 ἐκείνων
897 932 991 981 φωνῇ
1032 925 1242 981 συντραφεὶς
1276 925 1332 965 ἐπὶ

155 994 203 1034 τὰ
244 991 469 1035 Θουκυδίδου
510 991 570 1031 καὶ
610 990 804 1038 Πλάτωνος
837 991 873 1030 ἐν
903 997 1015 1047 καιρῷ
1057 993 1177 1044 μέτιθι
1216 992 1331 1031 πολλὰ

156 1059 216 1100 καὶ
254 1066 296 1112 τῇ
335 1059 427 1110 καλῇ
464 1058 639 1113 κωμῳδίᾳ
680 1059 740 1098 καὶ
771 1065 814 1112 τῇ
859 1066 969 1113 σεμνῇ
1007 1057 1193 1115 τραγῳδίᾳ
1230 1058 1333 1112 ἐγγε-

151 1127 403 1182 γυμνασμένος.
457 1126 584 1180 παρὰ
633 1124 725 1181 γὰῘρ
777 1126 952 1165 τούτων
998 1128 1223 1164 ἁπάντων
1277 1126 1333 1163 τὰ

153 1194 365 1238 κάλλιςα
401 1193 801 1244 ἀπανθισάμενος
841 1194 919 1246 ἔσῃ
966 1207 1034 1238 τις
1074 1191 1119 1230 ἐν
1159 1191 1329 1245 λόγοις.

152 1260 266 1298 Ilaec
298 1261 394 1311 ipsa
438 1271 545 1309 quae
577 1258 732 1302 scribo,
774 1259 827 1294 ait
866 1259 1064 1295 Lucianus
1096 1259 1146 1295 ad
1188 1265 1335 1296 veteres

153 1324 430 1376 philosophos,
469 1323 539 1374 qui
571 1335 618 1360 ex
645 1322 749 1361 Orco
777 1323 973 1361 redierant
1010 1338 1050 1375 p.
1079 1324 1181 1369 575,
1224 1325 1335 1363 πόθεν

151 1390 307 1430 ἄλλοθεν
330 1389 351 1433 ἢ
379 1387 464 1444 παρ’
484 1387 581 1441 ὑμῶν
599 1388 723 1440 λαβὼν
745 1388 804 1426 καὶ
827 1390 923 1426 κατὰ
945 1391 1007 1430 τὴν
1027 1388 1196 1440 μέλιτταν
1215 1391 1331 1428 α’παν·

151 1460 342 1510 θισάμενος
376 1455 614 1506 ἐπιδείκνυμαι
651 1457 722 1500 τοῖς
753 1456 982 1509 άνθρώποις;
1020 1455 1050 1493 οἱ
1080 1453 1116 1494 δ’
1154 1454 1330 1495 ἐπαινοῦσι

151 1522 211 1563 καὶ
240 1522 463 1577 γνωρίζουσιν
490 1522 618 1564 ἔκαε-ον
652 1521 691 1559 τό
718 1522 828 1564 ἄνθος
859 1522 943 1560 ὅθεν
970 1521 1028 1558 καὶ
1057 1523 1140 1577 παρ’
1166 1526 1246 1562 ὅτου
1269 1523 1329 1561 καὶ

149 1594 245 1635 ὅπως
273 1587 498 1641 α’νελεξάμην
530 1586 590 1626 καὶ
619 1587 713 1642 λόγῳ
747 1586 810 1641 μὲν
831 1585 892 1640 ἐμὲ
914 1586 1065 1635 ζηλοῦσι
1088 1593 1151 1634 τῆς
1173 1588 1330 1628 α’νθολο-

151 1656 230 1710 γίας
252 1654 291 1694 τὸ
320 1653 357 1693 δ’
380 1653 516 1698 άληθὲς
544 1652 639 1706 ὑμᾶς
661 1653 720 1692 καὶ
745 1654 803 1692 τὸν
825 1655 977 1707 λειμῶνα
1001 1656 1059 1693 τὸν
1081 1655 1271 1710 ὑμέτερον,
1300 1658 1331 1696 οἳ

150 1723 279 1762 τοιαῦτ’
301 1721 520 1769 ἐξηνθήκατε
543 1719 682 1759 ποικίλα
709 1718 768 1759 καὶ
792 1719 961 1764 πολυειδῆ
987 1722 1053 1767 τὰς
1081 1721 1203 1776 βαφὰς
1226 1724 1327 1771 εἴτις

149 1789 408 1836 ἀναλέξασθαί
424 1788 454 1827 τ’
478 1787 573 1826 αὐτὰ
599 1785 759 1831 ἐπίςαιτο
785 1787 845 1826 καὶ
868 1789 1066 1836 α’ναπλέξαι
1089 1791 1150 1829 καὶ
1173 1794 1329 1846 ἁρμόσαι

150 1858 197 1903 ὡς
223 1859 270 1910 μὴ
298 1854 455 1906 άπᾴδειν
483 1854 629 1908 θάτερον
661 1853 821 1909 Θατέρου.
867 1855 1014 1894 Verum
1047 1856 1144 1894 nihil
1178 1870 1225 1894 ex
1253 1857 1330 1896 hoc

149 1923 344 1961 laborioso
374 1922 542 1959 artificio
573 1922 682 1959 nasei
709 1927 890 1973 poterat,
932 1922 1044 1972 quod
1071 1934 1151 1960 non
1178 1923 1331 1974 langui-

150 1990 246 2028 dum
273 1994 310 2027 et
335 2001 496 2041 aegrum
522 1993 619 2026 esset
646 1992 685 2025 et
707 1987 905 2025 fastidium
931 1994 1086 2038 pareret
1110 1993 1161 2041 τῷ
1179 1990 1328 2028 συνειθι-

150 2058 266 2110 σμένῳ
281 2088 296 2107 ,
325 2061 367 2092 ut
394 2054 528 2092 scribit
552 2054 750 2103 Longinus
771 2067 811 2104 p.
838 2053 933 2100 561,
965 2059 1034 2093 τῶν
1055 2056 1244 2110 εὐρύθμων
1266 2056 1325 2095 καὶ

149 2122 492 2177 άποτετορνευμένων
523 2118 582 2159 καὶ
607 2119 816 2175 ςρογγύλων
841 2119 1099 2174 ἀποδέχεσθαι
1125 2122 1237 2176 λόγων
1265 2122 1325 2160 καὶ

147 2191 361 2246 τετριμμένῳ
387 2189 433 2227 τὰ
457 2185 534 2228 ὦτα
560 2187 645 2243 πρὸς
673 2189 737 2230 τὴν
761 2186 917 2227 σύνθεσιν
946 2192 1017 2228 τῶν
1044 2204 1081 2228 τε
1103 2193 1240 2240 σεμνῶν
1264 2187 1324 2226 καὶ

148 2257 328 2311 α’ρχαίων.
370 2255 495 2293 Satias
525 2254 633 2306 capit
661 2254 834 2291 animum
862 2253 929 2292 ubi
957 2267 1023 2293 eos
1049 2254 1154 2293 vides
1177 2255 1326 2309 simpli-

146 2333 231 2359 cem
281 2333 328 2358 ac
369 2319 498 2357 tritam
539 2318 768 2358 sententiam
810 2319 968 2368 loquaci
1005 2327 1324 2358 ornamentorum
