1572 2801
752 275 839 320 155

193 416 346 463 partem
365 410 606 461 reliquorum
627 408 815 459 scriptam
838 420 918 447 esse
945 406 995 448 ab
1017 408 1176 455 iisdem,
1204 409 1276 461 qui
1300 414 1379 448 tam

195 476 299 514 bella
323 475 534 527 cpimythia
557 475 833 513 condiderunt.
864 475 1025 513 Animus
1041 482 1096 512 est
1119 475 1224 513 brevi
1247 476 1297 512 de
1317 478 1377 513 in-

196 542 343 581 dustria
369 541 520 592 singula
538 540 733 591 persequi.
764 539 878 578 Nunc
894 541 1089 592 proferam
1105 554 1234 592 pauca
1257 555 1377 593 quae-

197 607 289 645 dam
311 607 403 645 vitia
425 608 611 644 sermonis
632 612 669 643 et
692 606 822 650 metri.
851 619 899 643 ne
925 607 988 643 cui
1013 608 1242 645 calumniari
1268 609 1375 646 vide-

195 685 257 712 ar:
287 673 329 710 in
356 672 489 710 fabula
518 673 568 710 43
592 672 691 710 haec
719 672 902 723 leguntur
929 673 1029 710 male
1053 672 1223 711 Graeca:
1249 687 1302 712 vs.
1337 674 1370 711 1.

194 738 326 793 ἔλαφος
362 742 520 793 κεράςης
545 760 599 766 --
626 738 693 777 ὑπὸ
722 738 763 776 τὸ
799 741 933 790 καῦμα.
977 739 1011 775 4.
1047 739 1240 779 λυπεῖσθαι
1269 743 1372 779 ἕνεκα

194 804 307 856 χηλῆς
341 803 401 843 καὶ
429 804 559 845 ποδῶν.
599 809 801 854 praeterea
836 804 968 855 inepte
1004 806 1245 856 copulantur
1274 806 1370 858 χηλὴ

194 870 254 910 καὶ
285 870 406 917 πόδες.
437 872 475 908 5.
505 869 561 909 ε’πὶ
596 871 668 912 τοῖς
700 868 743 907 δὲ
778 870 917 923 κέρασιν
925 902 942 921 ,
978 878 1212 922 anapaestus
1241 880 1296 910 est
1331 875 1372 911 in

189 937 364 975 secunda
390 937 500 974 sede:
524 958 576 964 —
597 938 690 988 ἄγαν
718 934 822 972 καλοί
847 948 922 986 pro
947 935 1125 980 κάλλις-οι;
1158 945 1240 975 tum
1269 940 1369 978 male

190 1009 448 1053 opponuntur
483 1001 645 1046 ἐλυπήθη
685 1007 721 1037 et
753 1002 853 1052 ηὔχει
891 1013 964 1051 pro
997 1004 1165 1054 ηὔχησεν.
1204 1002 1246 1041 8.
1280 1005 1367 1057 ὁμοῦ

189 1072 355 1119 σαγήναις
381 1079 454 1117 pro
478 1065 596 1105 cum!
619 1089 671 1094 —
690 1067 814 1119 εὔρινος
843 1079 916 1117 pro
937 1068 1040 1121 εὔρις.
1076 1070 1136 1106 14.
1162 1068 1363 1123 ἐπῃὸούμην

187 1147 262 1186 pro
288 1134 552 1188 ἐπῃσχυνόμην.
594 1132 732 1170 Notavi
758 1138 908 1170 tantum
932 1135 1120 1184 turpiora.
1162 1136 1209 1175 In
1228 1137 1364 1176 fabula

186 1201 236 1238 44
268 1201 480 1238 absurdum
516 1207 589 1238 est:
631 1198 822 1250 συλλαβεῖν
858 1198 1051 1256 ἐφεδρεύων
1090 1209 1127 1239 et
1164 1203 1249 1255 ὁμοῦ
1286 1217 1359 1255 pro

183 1272 278 1319 ἅμα.
308 1268 349 1304 in
375 1267 552 1317 sequenti
575 1279 629 1303 vs·
659 1267 696 1303 2.
727 1265 905 1307 εἰσήλαυνε
934 1279 1006 1316 pro
1035 1267 1214 1310 εἰσήλασεν
1237 1275 1273 1306 et
1294 1272 1359 1308 ἅν-

183 1348 262 1390 τρον
290 1337 361 1372 τῶν
390 1333 576 1374 ἀοικήτων.
607 1330 645 1368 4.
667 1334 793 1383 τάχιον
817 1344 888 1382 pro
908 1333 1086 1387 πρότερον.
1118 1334 1154 1370 5.
1176 1339 1355 1389 κεροῦχος.

182 1402 221 1441 7.
244 1399 371 1452 ἔβαλλε
397 1398 535 1438 ,θαλλόν
562 1410 636 1449 pro
664 1396 880 1451 προῦβαλλε.
908 1397 949 1435 8.
979 1400 1043 1444 τὰς
1067 1399 1103 1438 δ’
1123 1401 1215 1446 ἰδίας
1242 1404 1356 1457 ἀφῆκε

177 1467 304 1522 μακρὰ
331 1466 541 1519 λιμώττειν,
570 1464 635 1501 ubi
664 1465 789 1515 prima
816 1465 857 1501 in
888 1464 979 1510 ἰδίας
1013 1467 1250 1516 producitur
1275 1482 1357 1508 non

175 1534 299 1586 magis
327 1533 441 1572 foede
471 1544 593 1582 quam
625 1531 689 1575 τὰς
715 1528 756 1569 δέ
782 1529 815 1582 y'
841 1530 932 1577 ἰδίας
964 1534 1172 1585 corrigitur
1199 1548 1220 1571 a
1249 1535 1352 1573 Bek-

172 1600 293 1644 kero,
323 1598 435 1649 quasi
473 1596 576 1636 ullus
601 1594 667 1633 hic
704 1596 814 1632 locus
848 1597 895 1634 sit
934 1599 1136 1648 particulis
1172 1599 1216 1639 δέ
1242 1617 1354 1654 75-

170 1668 287 1722 ἀφῆκε
311 1677 384 1717 pro
406 1663 521 1703 εἴασεν
542 1662 665 1712 idque
691 1674 766 1713 pro
788 1662 868 1713 εἴα,
887 1663 998 1715 quod
1022 1666 1194 1715 postulat
1210 1674 1353 1706 natura

171 1735 226 1772 rei
249 1739 287 1772 et
309 1731 535 1783 oppositum
554 1727 708 1779 ἔβαλλε,
727 1728 1007 1768 vitiosissimum
1027 1737 1098 1776 est,
1128 1737 1212 1771 tum
1236 1746 1351 1783 pror-—

169 1812 234 1838 sus
271 1798 481 1837 ridiculum
520 1797 643 1851 μακρά
673 1796 880 1850 λιμώττειν,
908 1798 1059 1835 dictum
1097 1800 1267 1846 scilicet,
1307 1807 1350 1839 ut

168 1865 291 1920 μακρὰ
312 1864 456 1914 κλάειν,
483 1865 640 1916 οἰμώζειν
651 1896 667 1915 ,
695 1865 867 1911 ὀτοτύζειν
900 1865 1010 1915 apud
1037 1865 1201 1903 Atticos.
1230 1866 1268 1903 9.
1299 1868 1347 1912 ὡς

167 1931 206 1971 δ’
239 1932 393 1985 ᾐθρίασε
428 1930 546 1969 violat
576 1935 762 1973 metrum,
806 1930 958 1984 ᾐθριάζε
993 1930 1179 1967 sermonis
1212 1932 1348 1970 vitium

166 2004 235 2036 est.
262 2019 316 2026 -—
342 1997 453 2048 peius
476 1995 611 2032 etiam:
643 1995 850 2046 τεὲνώσας,
878 2008 1003 2046 quum
1029 2008 1078 2033 ne
1100 1996 1235 2041 τεὲνώς
1258 1999 1348 2048 qui-

164 2065 253 2103 dem
285 2076 359 2116 pro
395 2063 546 2107 τεὲνεώς
578 2061 677 2101 bene
707 2060 855 2099 Graece
882 2062 961 2100 dici
989 2062 1127 2112 possit:
1163 2064 1346 2103 τεθνεῶσα

165 2138 295 2170 autem
322 2144 404 2171 uon
432 2130 587 2167 memini
615 2141 675 2166 me
703 2128 829 2180 legere
865 2140 944 2180 pro
968 2129 1175 2171 τεθνηκυῖα.
1213 2129 1260 2167 10
1284 2144 1344 2182 sq.

164 2199 253 2253 ὁρῶν
291 2198 499 2250 ἀβοσκήτων
536 2193 753 2246 Ἀνέμβατον
790 2193 964 2248 δρυμῶνα
1005 2194 1132 2233 ποσσὶν
1174 2195 1340 2250 ἠρεύνων.

161 2276 283 2313 quam
307 2261 456 2314 inepte!
489 2259 611 2300 ποσσὶν
631 2258 772 2315 ἐρευνᾶν
792 2260 999 2299 Theocrito
1022 2261 1242 2299 subiectum
1268 2269 1342 2301 est.

162 2328 224 2367 12.
255 2328 273 2368 ὃ
303 2327 341 2368 δ’
370 2327 510 2374 αἰπόλος
536 2326 693 2382 γελάσας
722 2324 831 2370 ἦλθεν
859 2326 905 2372 εἷς
936 2327 1044 2373 οἴκους
1075 2328 1165 2365 satis
1202 2328 1340 2367 absur-

156 2393 251 2434 dum
274 2401 349 2434 est:
378 2396 508 2449 γελοῖος
536 2396 644 2436 dedit
665 2395 957 2441 Lachmannus,
983 2396 1094 2447 quasi
1117 2395 1220 2434 idem
1242 2404 1339 2435 esset
