1572 2801
768 172 826 216 16

218 305 418 361 oendique
454 305 643 347 formulis
686 304 893 359 subiecta,
937 305 1060 361 longa
1101 305 1372 351 familiaritate

218 384 260 420 et
301 391 378 419 usu
433 376 559 420 veluti
598 392 647 419 ex
687 379 758 420 ore
792 376 1000 433 loquentis
1028 376 1246 421 discamus.
1306 380 1374 423 Sic

217 450 386 492 demum
416 455 644 492 nascuntur
681 450 867 491 notiones
900 448 1035 490 clarae
1062 456 1297 507 certaeque,
1328 459 1376 495 ut

219 521 296 565 sibi
318 524 494 581 quisque
516 521 684 566 credere
703 529 795 566 tuto
821 522 950 580 possit
971 536 1106 580 neque
1128 521 1183 566 ab
1201 523 1377 569 aliorum

221 611 345 639 sensu
371 597 606 652 iudicioque
631 601 743 638 totus
772 596 961 653 pendeat.
1022 597 1125 638 Nam
1157 597 1379 653 trepidabit

221 684 383 727 semper
399 669 497 712 etin
516 668 822 726 interpretando
843 667 998 711 dubius
1013 667 1217 722 haerebit,
1242 670 1310 712 cui
1324 670 1380 712 ad

221 742 391 785 alterius
432 744 716 785 auctoritatem
748 743 1072 800 confugiendum
1097 749 1159 785 est
1187 749 1228 786 et
1264 743 1377 801 quod

222 828 413 872 praesens
437 815 538 858 hora
562 817 748 873 postulat
772 832 796 860 e
822 816 1123 860 Commentario
1150 817 1288 874 aliquo
1316 817 1381 860 vel

223 888 373 930 Lexico
402 888 716 931 corradendum.
776 889 919 946 Itaque
959 888 1104 931 Lexica
1134 889 1307 932 abiicere
1339 896 1382 932 et

226 960 303 1003 sibi
345 959 534 1003 sufficere
572 967 733 1004 mature
769 961 980 1004 docendus
1016 967 1079 1004 est
1129 962 1383 1019 quicumque

224 1035 375 1077 iustam
427 1038 666 1089 certamque
718 1034 912 1090 antiquae
959 1033 1124 1090 linguae
1173 1035 1382 1077 scientiam

226 1107 406 1164 quaerit:
444 1106 497 1147 ita
536 1121 633 1149 vero
662 1121 769 1163 quae
799 1112 918 1150 antea
948 1122 1049 1163 vaga
1073 1112 1115 1149 et
1143 1107 1386 1149 infinitate·

225 1193 337 1222 mere
379 1177 547 1221 volitare
591 1177 860 1233 videbantur,
902 1178 1062 1221 stabilia
1100 1178 1188 1220 fieri
1216 1185 1258 1221 et
1287 1193 1387 1221 con·

227 1254 368 1295 sistere
411 1249 587 1306 videbit,
634 1250 907 1309 dispellentur
951 1252 1051 1294 istae
1086 1250 1238 1304 nubes,
1281 1266 1387 1307 quae

228 1327 356 1368 menti
383 1337 468 1380 quo
486 1324 621 1364 minus
648 1337 790 1364 verum
811 1323 921 1364 clare
942 1329 1127 1365 cerneret
1153 1321 1387 1365 officiebant

229 1404 271 1440 et
290 1412 340 1439 ex
361 1394 616 1438 tenebricoso
646 1394 790 1435 itinere
818 1408 1002 1436 emersus
1031 1395 1075 1437 in
1104 1395 1241 1438 lucem
1266 1396 1387 1440 firmo

229 1469 386 1525 gradu,
417 1481 502 1523 quo
531 1465 743 1519 tendebat,
785 1471 893 1507 recta
924 1473 1068 1523 perget
1096 1467 1167 1508 ire.

289 1541 345 1584 At
364 1544 498 1584 noxias·
516 1538 702 1583 tenebras
729 1545 913 1582 veterum
941 1546 1303 1583 monumentorum
1329 1541 1390 1583 in-

231 1615 402 1671 terpreti
430 1600 644 1656 offundere
673 1612 853 1667 videtur,
885 1613 1000 1670 quod
1037 1613 1272 1670 Antiquitas
1306 1614 1390 1655 sive

234 1689 317 1730 vita
365 1688 630 1743 antiquorum
676 1687 930 1744 populorum
985 1702 1175 1744 magnam
1230 1692 1389 1745 partem

233 1762 373 1817 ignota
403 1766 465 1801 est
489 1766 532 1802 et
555 1760 734 1816 plurima
757 1766 859 1802 sunt
885 1761 927 1801 in
960 1760 1176 1802 hominum
1208 1773 1394 1802 sermone

235 1831 476 1890 explicanda
505 1847 554 1875 ex
575 1834 719 1876 notitia
742 1839 785 1876 et
812 1834 903 1876 fere.
919 1832 1090 1876 dixerim
1123 1832 1321 1889 adspectu
1352 1837 1394 1875 et

235 1906 581 1963 contemplatione
622 1920 764 1947 earum
802 1920 957 1960 rerum,
990 1919 1097 1962 quae
1127 1904 1393 1962 loquentibus

231 1981 276 2022 in
307 1978 497 2021 manibus
527 1992 688 2035 semper
719 1978 784 2021 vel
809 1978 865 2021 ob
895 1978 1038 2021 oculos
1063 1985 1208 2022 essent.
1254 1979 1396 2021 Faten-

233 2053 336 2096 dum
362 2058 424 2095 est
446 2051 577 2094 multa
606 2065 693 2094 esse
721 2051 809 2093 eius
834 2051 1013 2107 generi8‚
1045 2065 1150 2107 quae
1171 2065 1292 2094 nemo
1317 2050 1395 2093 sibi

234 2141 436 2184 umquam
471 2126 526 2167 ita
563 2126 700 2167 animo
735 2125 956 2167 informare
984 2123 1210 2181 et-fingere
1241 2125 1394 2181 possit,

237 2202 340 2258 quin
376 2198 612 2257 periculum
642 2199 695 2240 sit
724 2213 777 2241 ne
806 2198 978 2240 nimium
1008 2202 1211 2254 quantum
1238 2196 1394 2240 et‘for-
1438 2249 1439 2252 Ἴ

237 2281 342 2317 tasse
372 2272 596 2316 ridiculum
622 2272 664 2314 in
687 2271 858 2315 modum
890 2287 913 2315 a
940 2285 1037 2315 vero
1063 2271 1247 2314 aberret:
1273 2270 1397 2328 plura
