1572 2801
729 237 784 280 21

171 380 309 418 torum
341 374 556 417 hominum
590 373 726 426 lusus,
776 372 1018 415 utilissimus
1050 372 1122 414 ille
1162 371 1329 428 quidem

174 446 227 488 ad
242 437 503 489 excitandum
522 444 801 502 alendumque
815 445 980 502 pulchri
1000 458 1162 487 sensum
1182 459 1328 487 acuen-

173 518 358 575 dumque
383 520 606 573 iudicium,
643 519 718 561 sed
745 519 862 565 lusus
892 524 1047 578 tamen,
1081 519 1190 561 unde
1225 520 1329 561 nihil

174 590 288 646 quod
315 591 575 633 manifestum
603 591 655 631 sit
685 595 726 632 et
756 589 1003 632 duraturum
1035 590 1225 647 prodeat,
1258 591 1329 634 sed

172 649 352 720 speciosa
384 668 566 716 tantum,
608 666 727 704 acute
763 662 1052 719 subtiliterque
1081 664 1327 719 excogitata,

174 749 281 791 quae
316 734 486 777 fortasse
521 734 742 791 aliquando
780 734 918 777 locum
960 735 1105 778 cedent
1144 736 1251 789 aliis,
1294 737 1327 777 si

175 823 258 864 qua
300 822 395 850 mox
430 808 591 850 acutius
630 809 752 849 etiam
790 807 1065 864 subtiliusque
1100 808 1151 849 de
1186 808 1329 850 iisdem

172 885 334 938 reperta
358 880 632 938 profierantur.
675 878 777 921 Aliis
799 886 941 921 contra
967 879 1183 935 singularis
1209 894 1330 935 quae-

173 953 268 996 dam
295 954 458 997 videtur
483 969 531 997 ac
565 969 656 997 rara
687 955 835 1010 ingenii
868 953 1056 1008 felicitas,
1089 968 1172 1010 qua
1205 954 1332 996 veluti

174 1026 370 1069 divinitus
408 1027 603 1085 impedita
641 1027 929 1085 expediantur,
973 1026 1148 1069 obscura
1182 1032 1224 1069 et
1257 1026 1332 1069 ab·

175 1103 310 1141 strusa
350 1100 459 1142 clara
493 1100 586 1142 luce
622 1100 902 1142 illustrentur:
942 1099 1047 1141 hanc
1081 1105 1217 1141 autem
1248 1099 1332 1141 sol-

178 1171 338 1214 lertiam
368 1172 410 1214 in
435 1186 664 1229 perpaucos
688 1171 833 1214 cadere
852 1186 928 1213 nec
962 1187 1212 1227 quemquam
1241 1172 1330 1213 fieri

176 1243 373 1286 Criticum
403 1245 474 1287 sed
504 1246 614 1286 nasci
641 1250 689 1286 ut
718 1246 901 1302 poetam:
931 1244 1043 1286 nolle
1078 1245 1204 1300 igitur
1232 1259 1331 1301 ope-

177 1330 264 1357 ram
301 1315 471 1373 perdere
497 1317 540 1358 in
569 1331 635 1371 re,
667 1331 791 1373 quam
817 1317 975 1372 assequi
1001 1316 1237 1373 desperent:
1265 1331 1330 1358 sa-

177 1389 230 1430 tis
268 1403 355 1431 esse
393 1389 488 1443 sibi,
534 1390 566 1431 si
614 1404 720 1445 quae
761 1389 825 1431 edi
865 1389 1018 1442 solent,
1060 1389 1329 1445 probabiliter

174 1461 422 1517 intelligant:
453 1462 512 1504 nil
548 1462 658 1505 ultra
685 1476 894 1519 quaerere.
943 1461 1105 1503 Utinam
1135 1462 1214 1503 hoc
1242 1463 1328 1505 sine

171 1534 357 1590 periculo
383 1534 438 1575 ab
467 1534 704 1576 hominibus
734 1534 926 1575 modestis
950 1539 990 1575 et
1012 1534 1221 1576 industriis
1242 1535 1330 1577 fieri

173 1608 333 1662 posset!
376 1606 495 1648 Nunc
521 1605 838 1649 innumerabiles
868 1606 1019 1662 suscipi
1051 1606 1183 1647 solent
1216 1622 1330 1649 erro-

172 1693 236 1721 res
266 1684 307 1721 et
333 1680 569 1734 propagari,
602 1678 674 1733 qui
697 1679 949 1733 antiquitatis
974 1678 1245 1733 cognitionem
1269 1681 1325 1721 ita

172 1751 468 1809 depravarunt,
501 1754 548 1791 ut
578 1749 630 1791 ad
662 1748 998 1805 exstinguendam
1029 1764 1167 1791 sanam
1203 1753 1327 1793 ratio-

172 1839 266 1866 nem
322 1838 447 1879 quam
498 1823 551 1864 ad
604 1822 924 1864 confirmandam
971 1822 1144 1865 subinde
1191 1827 1325 1882 aptior

172 1895 391 1938 existimari
420 1895 562 1952 possit.
611 1893 756 1950 Ingens
785 1895 1019 1937 etiamnunc
1048 1904 1235 1953 superest
1265 1899 1328 1941 lo-

172 1982 317 2010 corum
350 1981 570 2020 numerus,
601 1980 782 2022 quorum
821 1967 939 2008 nulla
971 1969 1047 2009 nisi
1078 1970 1224 2011 stolida
1251 1973 1327 2013 erit

174 2040 477 2097 interpretatio,
507 2039 638 2084 donec
671 2055 764 2082 vera
795 2045 836 2082 et
865 2040 1076 2083 emendata
1103 2042 1221 2085 lectio
1251 2045 1326 2085 ali-

175 2112 311 2155 cunde
341 2111 585 2168 proferetur.
632 2112 678 2154 In
704 2112 766 2153 his
807 2117 1033 2169 utcumque
1064 2116 1324 2171 expediendis

176 2190 337 2228 mature
352 2184 549 2227 iudicium
561 2186 854 2243 corrumpitur,
863 2186 975 2243 quod
985 2186 1037 2229 ab
1053 2188 1217 2230 ineunte
1228 2189 1322 2231 ado-

181 2257 370 2300 lescentia
390 2258 613 2302 assuefiunt
640 2259 824 2302 homines
846 2263 1043 2303 contortis
1065 2261 1330 2317 ridiculisque

174 2329 514 2387 explicationibus
530 2338 570 2377 et
589 2333 724 2377 mirari
741 2333 966 2391 quidquam
982 2334 1193 2389 desinunt,
1213 2335 1327 2391 quod
