1572 2801
780 170 867 213 108

245 310 894 355 ΧΑΛΑΙΤΟΝΟΦΙΝΛΑΒΩΝ
907 329 920 352 =
948 310 1144 368 χαλλιτον
1161 305 1246 369 ’ὄφιν
1264 309 1423 372 λαβῶνὲ-

243 381 384 418 Totum
407 379 556 417 scolion
583 380 638 417 sic
661 382 949 419 constituerim:

292 446 311 484 ὁ
336 444 381 485 δὲ
407 444 568 500 καρκίνος
594 443 661 485 ὧδ’
687 448 756 501 ἔφα
782 446 867 498 (τᾷ)
895 444 1000 499 χαλᾷ
1026 444 1084 486 τὸν
1109 448 1183 502 ὅφιν
1208 445 1351 500 λαβών·

293 513 401 553 εὐθὺν
427 515 502 567 χρὴ
531 512 589 552 τὸν
617 512 756 568 ἑταῖρον
783 516 890 566 ἔμμεν
916 512 977 552 καὶ
1003 515 1054 567 μὴ
1081 514 1210 553 σκολιὰ
1235 517 1386 570 φρονεῖν.

241 580 312 617 nisi
342 584 536 629 praestat:
575 579 681 631 εἶμεν.
732 578 970 618 Incredibile
997 577 1109 618 dictu
1137 585 1192 618 est
1217 592 1340 632 quam
1376 579 1425 618 li-

240 652 374 684 center
398 658 468 684 nos
493 647 729 685 recentiores
760 646 906 684 librarii
932 646 974 684 in
996 646 1127 684 multis
1157 645 1424 684 ludificentur.

243 711 292 748 In
315 712 534 763 fragmento
552 712 813 764 Hipponactis
835 725 879 764 p.
899 710 982 750 '698
1000 724 1038 750 e.
1065 717 1122 750 est
1144 712 1186 750 in
1208 710 1425 763 archetypo

243 777 406 815 codice:

551 830 686 893 μοῦσά
723 851 791 893 μοι
825 833 1072 894 ευρυμεδοντι

550 909 677 953 αδεα
709 907 799 969 τ’ὴν
831 924 1072 969 ποντοχαρυ

553 985 671 1045 βδιν
704 1002 792 1036 την
827 1001 1077 1044 ενγαςριμα

549 1080 749 1124 χαιρανοσ
765 1062 876 1107 εσθιει
901 1056 946 1105 οὐ
970 1077 1078 1105 κατα

549 1154 699 1197 κοσμον
733 1132 851 1196 ἔννεφ’
885 1134 992 1180 ἕπωσ
1021 1141 1075 1195 ψη

554 1213 635 1272 φῖδι
653 1213 780 1259 κακὸν
799 1217 900 1256 σῖτον
927 1211 1081 1262 ὀληται.

247 1298 295 1322 ex
319 1284 559 1335 apographis
586 1285 751 1336 prodiit:
781 1284 1003 1338 εὐρυμέδοντι
1029 1283 1127 1323 ἀδεᾶ·
1137 1314 1153 1334 ,
1182 1282 1432 1339 εὐρυμεδοντία

250 1349 329 1389 δῖα.
373 1350 552 1387 Musurus
577 1356 722 1388 temere
741 1352 905 1389 mutavit
924 1351 966 1389 in
983 1351 1163 1402 principe
1183 1350 1355 1388 editione
1374 1350 1431 1388 in:

249 1413 489 1470 Εὐρυμέδοντ“
515 1414 631 1466 ᾅδοις.
671 1416 845 1454 Tandem
868 1429 889 1454 e
909 1416 1068 1456 Venetis
1088 1415 1323 1454 membranis
1343 1428 1433 1468 pro·

249 1481 338 1518 tulit
374 1480 769 1533 Schweighauserus:
808 1481 1032 1537 εὐρυμεδοντι
1059 1480 1179 1533 αδεα,
1216 1480 1320 1518 unde
1356 1480 1433 1517 Do-

248 1546 390 1583 braeus
433 1558 567 1583 verum
609 1545 773 1596 reperit:
822 1544 1172 1600 Εὐρυμεδοντιάδεα.
1234 1544 1281 1581 In
1320 1544 1434 1581 tertio

250 1623 360 1648 versu
381 1611 432 1647 ad
456 1610 563 1646 hunc
591 1609 695 1646 diem
718 1609 882 1659 pessime
905 1610 1046 1660 legitur
1066 1621 1114 1647 ex
1133 1608 1435 1660 interpolatione

249 1676 416 1714 Musuri:
445 1674 573 1730 ψηφῖδι
600 1680 703 1727 κακῇ
721 1677 843 1714 κακόν.
883 1674 1041 1713 Scribe:

383 1740 491 1794 ἔννεφ’
519 1744 611 1785 ὅπως
638 1739 765 1796 ψηφῖδι
792 1741 900 1786 κακὸς
926 1740 1035 1780 κακὸν
1061 1741 1152 1780 οἶτον
1177 1739 1308 1781 ὀλεῖται

383 1804 552 1860 δημοσίῃ.
1142 1803 1144 1805 ’

247 1873 383 1909 Merito
424 1872 647 1909 celebratur
687 1872 878 1923 palmaria
919 1870 1141 1910 Casauboni
1181 1870 1427 1917 emendatio,

249 1950 290 1988 p.
319 1935 411 1974 699.
444 1949 479 1974 c.
1308 1970 1310 1972 .

416 2000 539 2048 ξεῖνος.
582 2002 790 2057 Μιμνέρμου
816 2000 854 2040 δ’
882 2002 929 2047 εἰς
955 2004 1037 2047 ἔπος
1063 2005 1173 2057 ἄκρον
1198 2004 1273 2041 ι’ών.

250 2080 375 2119 quum
391 2068 508 2119 vulgo
525 2067 724 2105 ederetur:
754 2065 814 2107 δεῖ
833 2082 873 2108 σε
897 2069 992 2109 πόσα
1013 2070 1172 2124 κρανίων.
1202 2068 1304 2109 Vide
1325 2080 1432 2108 nunc

250 2134 456 2172 lectionem
485 2134 591 2171 unici
618 2134 788 2172 codicis:

899 2190 957 2234 ὦσ
972 2191 1102 2250 αγαθο

586 2266 853 2311 κλειοσ-λασιαι
870 2281 1003 2325 φρενεσ
1017 2267 1101 2316 ηλα
