1572 2801
772 199 829 242 62

392 331 510 375 καλῶς
535 331 699 387 πεφύκεν.
729 330 790 370 καὶ
817 331 892 386 γὰρ
919 333 944 371 ἆ
973 333 1065 372 κύων
1091 331 1167 373 κυνὶ

390 396 563 441 κάλλιςον
591 398 681 449 εἶμεν
708 397 865 452 φαίνεται
893 396 952 435 καὶ
980 398 1062 449 βοὺς
1091 398 1154 449 βοΐ
1161 431 1179 453 ,

389 464 460 507 ὄνος
487 462 522 501 δ’
551 466 616 517 ὅνῳ
644 462 811 508 κοίλλιςον
823 494 837 513 ,
864 459 903 507 ὗς
928 460 971 501 δέ
999 463 1058 508 θην
1083 463 1134 502 ὑΐ.

245 527 318 578 ἁμέ
354 528 393 564 in
432 529 561 579 primo
601 542 713 567 vei-su
756 529 945 566 Ahrensio
984 528 1173 575 debetur,
1211 539 1383 570 extrema

195 592 347 629 correxi
374 605 419 630 ex
449 593 570 631 codd.
593 594 633 631 in
657 594 718 631 his
740 594 859 646 igitur
885 593 1003 638 καλῶς
1032 594 1181 649 πεφύκεν
1202 595 1380 649 ineptum

191 663 268 702 est,
301 659 396 709 quia
423 658 542 703 καλῶς
574 660 758 713 πεφυκέναι
787 664 823 695 et
852 660 1024 710 γεγονέναι
1054 659 1106 697 ad
1137 660 1380 699 nobilitatem

191 724 364 773 generis,
395 737 475 762 non
508 725 558 762 ad
586 725 734 762 formae
760 725 1040 776 praestantiam
1064 725 1251 767 refer-tun:
1282 728 1379 767 scri-

191 787 365 827 bendum
387 797 470 828 erat
494 791 611 835 καλὼς
638 791 801 846 πεφύκεν.
833 789 942 827 Idem
963 793 1081 840 poeta
1103 790 1201 829 ibid.
1222 791 1297 830 111.
1318 792 1377 831 10.

249 854 287 892 αι’
313 854 391 894 ποτ’
420 858 560 910 ἀριθμόν
588 873 638 903 τις
668 859 859 914 περισσόν,
888 857 926 895 αι’
953 855 994 895 δὲ
1021 856 1083 909 λῇς
1111 857 1170 896 τὸν
1196 861 1313 904 ἄρτιον

248 922 415 974 ποτθέμεν
443 924 486 976 λῇ
513 925 630 980 ψᾶφον
656 925 677 967 ἢ
706 923 765 963 καὶ
794 924 860 963 τάν
885 922 1126 979 ὑπάρχουσαν
1149 922 1291 973 λαβεῖν.

240 987 529 1026 Laborantibus
552 990 697 1026 ultimis
718 988 998 1039 simplicissima
1026 988 1270 1025 correctione
1291 988 1379 1026 suh-

187 1053 309 1092 veniri
337 1060 465 1106 potest
496 1055 729 1094 scribendo:
763 1060 831 1094 τᾶν
858 1051 1085 1109 ὑπαρχοισᾶν
1111 1053 1248 1106 λαβεῖν,
1301 1054 1377 1106 Py-

187 1118 373 1168 thagoras
392 1119 499 1156 iubet
522 1121 630 1170 apud
658 1121 769 1169 Diog.
798 1119 925 1155 Laert.
956 1119 1064 1155 VIII.
1086 1120 1151 1156 83.
1179 1119 1378 1172 καθαρεύειν

190 1183 265 1220 ἀπό
290 1197 327 1222 τε
355 1181 483 1228 κήδους
519 1182 578 1221 καὶ
613 1183 737 1235 λέχους
775 1180 836 1221 καὶ
871 1184 1072 1234 μιάσματος
1106 1185 1263 1235 παντός,
1305 1184 1373 1223 ubi

187 1248 291 1300 λέχος
320 1249 369 1286 de
395 1250 609 1286 concubitu
638 1248 855 1298 accipiunt.
900 1248 988 1285 Non
1014 1247 1122 1285 cadit
1148 1261 1192 1286 ea
1227 1250 1373 1287 insania

183 1314 225 1351 in
253 1314 377 1351 virum
413 1313 782 1364 prudentissimum,
814 1311 884 1362 qui
918 1312 1001 1362 ipse
1027 1324 1049 1349 e
1076 1312 1220 1353 dilecta
1252 1328 1374 1354 uxore

180 1379 314 1431 plures
353 1378 496 1417 liberos
534 1384 772 1430 susceperat.
825 1377 1073 1428 Legendum:
1116 1378 1257 1433 λεχοῦς.
1307 1382 1373 1421 Sic

180 1445 434 1496 superstitiosi
463 1446 573 1497 apud
610 1444 924 1495 Theophrastum
967 1442 1065 1494 Cap.
1091 1445 1206 1485 XVII
1233 1447 1373 1486 nolunt

183 1511 256 1551 οὔτ’
284 1511 340 1551 ἐπὶ
368 1511 483 1567 νεκρὸν
494 1544 508 1562 ,
537 1511 609 1550 οὔτ’
638 1509 693 1550 ἐπὶ
726 1510 825 1562 λεχὼ
859 1508 979 1548 ἐλθεῖν.
1038 1510 1171 1563 Longe
1204 1513 1370 1553 maiores

183 1579 300 1614 etiam
326 1577 459 1614 turbas
484 1578 592 1614 dedit
622 1582 808 1613 accentus
834 1582 1006 1612 mutatus
1024 1576 1065 1612 in
1092 1576 1295 1615 Athenaeo
1318 1576 1365 1616 V.

180 1657 221 1694 p.
264 1642 357 1681 203.
398 1642 677 1699 ἐςεφανώὲησαν
717 1640 753 1681 δ’
795 1640 829 1681 ἐν
866 1646 917 1695 τῷ
953 1642 1064 1694 ἀγῶνι
1103 1641 1163 1681 καὶ
1203 1647 1365 1699 ςεφᾶνοις

182 1711 331 1765 χρυσοῖς
357 1710 476 1748 ε’ὅιοσι.
519 1709 739 1761 Πτολεμαῖος
764 1707 800 1746 δ’
826 1708 843 1746 ὁ
866 1712 1008 1762 πρῶτος
1030 1707 1089 1746 καὶ
1112 1710 1273 1763 Βερενίκη
1306 1712 1363 1750 εἴ·

182 1791 286 1816 κοσι
332 1775 483 1830 τρισὶν
524 1776 576 1832 ἐφ’
619 1776 794 1832 ἁρμάτων
838 1780 987 1829 χρυσῶν
1024 1773 1084 1814 καὶ
1123 1778 1292 1829 τεμένεσιν
1329 1777 1365 1818 ἐν

167 1841 357 1894 Δωδώνῃ.
389 1848 425 1878 et
451 1854 542 1878 mox
570 1842 731 1878 iterum:
768 1842 785 1879 ὁ
816 1840 859 1879 δὲ
895 1841 1108 1896 φιλάδελφος
1143 1844 1365 1896 Πτολεμαῖος

181 1909 251 1955 υἱὸς
287 1909 405 1949 αὐτῶν
440 1922 456 1946 ε
488 1921 590 1946 κοσι
631 1907 838 1961 χρυσαῖς
878 1904 962 1945 δυσὶ
999 1906 1062 1959 μὲν
1097 1905 1150 1963 ἐφ’
1189 1910 1362 1964 ἁρμάτων

182 1982 350 2032 χρυσῶν,
373 1974 429 2013 ε’πὶ
451 1974 494 2012 δὲ
515 1975 634 2011 κιόνων
659 1972 833 2023 ἑξαπήχει
857 1980 924 2024 μιᾷ
934 2005 949 2024 ,
976 1978 1218 2025 πενταπήχεσι
1235 1977 1360 2028 πέντε,

181 2045 437 2099 τετραπήχεσιν
477 2039 529 2088 ἔξ.
587 2039 772 2091 Dispellet
813 2039 992 2078 tenebras
1036 2041 1242 2093 utriusque
1285 2043 1363 2082 loci

179 2116 320 2146 acutus
337 2110 377 2145 in
395 2106 612 2157 penultima
633 2105 740 2140 vocis
758 2105 874 2142 ababa.
907 2103 1071 2142 Statut‘s
1090 2118 1137 2142 ex
1160 2118 1256 2143 aum
1275 2108 1362 2146 Pto-

160 2175 368 2212 ·lemaeum
394 2181 432 2210 et
452 2172 659 2222 coniugem
680 2178 716 2208 et
730 2171 855 2209 filium
877 2170 1128 2209 Alexandrini
1150 2172 1359 2213 donarunt.

173 2240 330 2278 Addam
371 2252 491 2276 unum
530 2239 661 2276 locum
687 2250 708 2274 e
737 2238 913 2275 Luciano
936 2239 977 2275 in
999 2237 1365 2289 contemplantibus

176 2318 218 2356 p.
240 2303 331 2342 510.
372 2302 541 2358 Ἀγαμαι
566 2304 760 2351 Κλωθοῦς.
782 2307 941 2357 γεννικῶς
965 2301 1026 2344 καὶ
1045 2304 1193 2356 αὐτοὺς,
1220 2302 1250 2344 ὦ
1275 2304 1358 2346 eez-
